%% This BibTeX bibliography file was created using BibDesk.
%% http://bibdesk.sourceforge.net/


%% Created for Michael Maltese at 2014-04-04 11:46:47 -0700 


%% Saved with string encoding Unicode (UTF-8) 



@unpublished{Bates:aa,
	Author = {Douglas M. Bates and Jos{\'e} C. Pinheiro},
	Date-Added = {2014-04-04 18:36:41 +0000},
	Date-Modified = {2014-04-04 18:46:36 +0000},
	Note = {Bell Labs Technical Memorandum},
	Title = {Computational Methods for Multilevel Modelling},
	Year = {1998}}

@article{Damien:2001aa,
	Author = {Paul Damien and Stephen G. Walker},
	Date-Added = {2014-03-03 00:03:39 +0000},
	Date-Modified = {2014-03-03 00:04:45 +0000},
	Journal = {Journal of Computational and Graphical Statistics},
	Month = {June},
	Number = {2},
	Pages = {206--215},
	Title = {Sampling Truncated Normal, Beta, and Gamma Densities},
	Volume = {10},
	Year = {2001},
	Bdsk-File-1 = {YnBsaXN0MDDUAQIDBAUGJCVYJHZlcnNpb25YJG9iamVjdHNZJGFyY2hpdmVyVCR0b3ASAAGGoKgHCBMUFRYaIVUkbnVsbNMJCgsMDxJXTlMua2V5c1pOUy5vYmplY3RzViRjbGFzc6INDoACgAOiEBGABIAFgAdccmVsYXRpdmVQYXRoWWFsaWFzRGF0YV8QGmNpdGF0aW9ucy9EYW1pZW4yMDAxYWEucGRm0hcLGBlXTlMuZGF0YU8RAeQAAAAAAeQAAgAADE1hY2ludG9zaCBIRAAAAAAAAAAAAAAAAAAAAM8muWxIKwAAAAeumBBEYW1pZW4yMDAxYWEucGRmAAAAAAAAAAAAAAAAAAAAAAAAAAAAAAAAAAAAAAAAAAAAAAAAAAAAAAAAAAAAAAAAJoLgzzkGagAAAAAAAAAAAAEAAwAACSAAAAAAAAAAAAAAAAAAAAAJY2l0YXRpb25zAAAQAAgAAM8nKewAAAARAAgAAM85duoAAAABABgAB66YABJwuQAHrfkAB6zBAAYfzgACZEsAAgBhTWFjaW50b3NoIEhEOlVzZXJzOgBtaWNoYWVsbWFsdGVzZToARHJvcGJveDoAVGhlc2lzIDIwMTMtMjAxNDoAZmluYWw6AGNpdGF0aW9uczoARGFtaWVuMjAwMWFhLnBkZgAADgAiABAARABhAG0AaQBlAG4AMgAwADAAMQBhAGEALgBwAGQAZgAPABoADABNAGEAYwBpAG4AdABvAHMAaAAgAEgARAASAE5Vc2Vycy9taWNoYWVsbWFsdGVzZS9Ecm9wYm94L1RoZXNpcyAyMDEzLTIwMTQvZmluYWwvY2l0YXRpb25zL0RhbWllbjIwMDFhYS5wZGYAEwABLwAAFQACABX//wAAgAbSGxwdHlokY2xhc3NuYW1lWCRjbGFzc2VzXU5TTXV0YWJsZURhdGGjHR8gVk5TRGF0YVhOU09iamVjdNIbHCIjXE5TRGljdGlvbmFyeaIiIF8QD05TS2V5ZWRBcmNoaXZlctEmJ1Ryb290gAEACAARABoAIwAtADIANwBAAEYATQBVAGAAZwBqAGwAbgBxAHMAdQB3AIQAjgCrALAAuAKgAqICpwKyArsCyQLNAtQC3QLiAu8C8gMEAwcDDAAAAAAAAAIBAAAAAAAAACgAAAAAAAAAAAAAAAAAAAMO}}

@inproceedings{Walsh:04aa,
	Author = {Walsh, B.},
	Booktitle = {Lecture notes for EEB 581, version 26},
	Date-Added = {2014-02-18 05:07:13 +0000},
	Date-Modified = {2014-02-18 05:10:31 +0000},
	Month = {April},
	Title = {Markov Chain Monte Carlo and Gibbs Sampling},
	Year = {2004},
	Bdsk-File-1 = {YnBsaXN0MDDUAQIDBAUGJCVYJHZlcnNpb25YJG9iamVjdHNZJGFyY2hpdmVyVCR0b3ASAAGGoKgHCBMUFRYaIVUkbnVsbNMJCgsMDxJXTlMua2V5c1pOUy5vYmplY3RzViRjbGFzc6INDoACgAOiEBGABIAFgAdccmVsYXRpdmVQYXRoWWFsaWFzRGF0YV8QGWNpdGF0aW9ucy9XYWxzaDIwMDRhYS5wZGbSFwsYGVdOUy5kYXRhTxEB4AAAAAAB4AACAAAMTWFjaW50b3NoIEhEAAAAAAAAAAAAAAAAAAAAzya5bEgrAAAAB66YD1dhbHNoMjAwNGFhLnBkZgAAAAAAAAAAAAAAAAAAAAAAAAAAAAAAAAAAAAAAAAAAAAAAAAAAAAAAAAAAAAAAAAASZqnPKCr1AAAAAAAAAAAAAQADAAAJIAAAAAAAAAAAAAAAAAAAAAljaXRhdGlvbnMAABAACAAAzycp7AAAABEACAAAzyibdQAAAAEAGAAHrpgAEnC5AAet+QAHrMEABh/OAAJkSwACAGBNYWNpbnRvc2ggSEQ6VXNlcnM6AG1pY2hhZWxtYWx0ZXNlOgBEcm9wYm94OgBUaGVzaXMgMjAxMy0yMDE0OgBmaW5hbDoAY2l0YXRpb25zOgBXYWxzaDIwMDRhYS5wZGYADgAgAA8AVwBhAGwAcwBoADIAMAAwADQAYQBhAC4AcABkAGYADwAaAAwATQBhAGMAaQBuAHQAbwBzAGgAIABIAEQAEgBNVXNlcnMvbWljaGFlbG1hbHRlc2UvRHJvcGJveC9UaGVzaXMgMjAxMy0yMDE0L2ZpbmFsL2NpdGF0aW9ucy9XYWxzaDIwMDRhYS5wZGYAABMAAS8AABUAAgAV//8AAIAG0hscHR5aJGNsYXNzbmFtZVgkY2xhc3Nlc11OU011dGFibGVEYXRhox0fIFZOU0RhdGFYTlNPYmplY3TSGxwiI1xOU0RpY3Rpb25hcnmiIiBfEA9OU0tleWVkQXJjaGl2ZXLRJidUcm9vdIABAAgAEQAaACMALQAyADcAQABGAE0AVQBgAGcAagBsAG4AcQBzAHUAdwCEAI4AqgCvALcCmwKdAqICrQK2AsQCyALPAtgC3QLqAu0C/wMCAwcAAAAAAAACAQAAAAAAAAAoAAAAAAAAAAAAAAAAAAADCQ==}}

@manual{lme4,
	Author = {Douglas Bates and Martin Maechler and Ben Bolker and Steven Walker},
	Note = {R package version 1.0-6},
	Title = {lme4: Linear mixed-effects models using Eigen and S4},
	Url = {http://CRAN.R-project.org/package=lme4},
	Year = {2014},
	Bdsk-Url-1 = {http://CRAN.R-project.org/package=lme4}}

@manual{R,
	Address = {Vienna, Austria},
	Author = {{R Core Team}},
	Organization = {R Foundation for Statistical Computing},
	Title = {R: A Language and Environment for Statistical Computing},
	Url = {http://www.R-project.org/},
	Year = {2013},
	Bdsk-Url-1 = {http://www.R-project.org/}}

@article{Price:1996aa,
	Author = {Price, Phillip N. and Nero, A.V. and Gelman, Andrew},
	Date-Added = {2014-02-12 20:35:50 +0000},
	Date-Modified = {2014-02-12 20:40:48 +0000},
	Journal = {Health Physics},
	Month = {Dec},
	Number = {6},
	Pages = {922-936},
	Title = {Bayesian prediction of mean indoor radon concentrations for Minnesota counties.},
	Volume = {71},
	Year = {1996},
	Bdsk-File-1 = {YnBsaXN0MDDUAQIDBAUGJCVYJHZlcnNpb25YJG9iamVjdHNZJGFyY2hpdmVyVCR0b3ASAAGGoKgHCBMUFRYaIVUkbnVsbNMJCgsMDxJXTlMua2V5c1pOUy5vYmplY3RzViRjbGFzc6INDoACgAOiEBGABIAFgAdccmVsYXRpdmVQYXRoWWFsaWFzRGF0YV8QF2NpdGF0aW9ucy9QcmljZTk2YWEucGRm0hcLGBlXTlMuZGF0YU8RAdgAAAAAAdgAAgAADE1hY2ludG9zaCBIRAAAAAAAAAAAAAAAAAAAAM8muWxIKwAAAAeumA1QcmljZTk2YWEucGRmAAAAAAAAAAAAAAAAAAAAAAAAAAAAAAAAAAAAAAAAAAAAAAAAAAAAAAAAAAAAAAAAAAAACAHwzyEZ7gAAAAAAAAAAAAEAAwAACSAAAAAAAAAAAAAAAAAAAAAJY2l0YXRpb25zAAAQAAgAAM8nKewAAAARAAgAAM8him4AAAABABgAB66YABJwuQAHrfkAB6zBAAYfzgACZEsAAgBeTWFjaW50b3NoIEhEOlVzZXJzOgBtaWNoYWVsbWFsdGVzZToARHJvcGJveDoAVGhlc2lzIDIwMTMtMjAxNDoAZmluYWw6AGNpdGF0aW9uczoAUHJpY2U5NmFhLnBkZgAOABwADQBQAHIAaQBjAGUAOQA2AGEAYQAuAHAAZABmAA8AGgAMAE0AYQBjAGkAbgB0AG8AcwBoACAASABEABIAS1VzZXJzL21pY2hhZWxtYWx0ZXNlL0Ryb3Bib3gvVGhlc2lzIDIwMTMtMjAxNC9maW5hbC9jaXRhdGlvbnMvUHJpY2U5NmFhLnBkZgAAEwABLwAAFQACABX//wAAgAbSGxwdHlokY2xhc3NuYW1lWCRjbGFzc2VzXU5TTXV0YWJsZURhdGGjHR8gVk5TRGF0YVhOU09iamVjdNIbHCIjXE5TRGljdGlvbmFyeaIiIF8QD05TS2V5ZWRBcmNoaXZlctEmJ1Ryb290gAEACAARABoAIwAtADIANwBAAEYATQBVAGAAZwBqAGwAbgBxAHMAdQB3AIQAjgCoAK0AtQKRApMCmAKjAqwCugK+AsUCzgLTAuAC4wL1AvgC/QAAAAAAAAIBAAAAAAAAACgAAAAAAAAAAAAAAAAAAAL/}}

@article{Gelman:2003aa,
	Author = {Gelman, Andrew and Stevens, Matt and Chan, Valerie},
	Date-Added = {2014-02-12 20:31:26 +0000},
	Date-Modified = {2014-02-12 20:41:13 +0000},
	Doi = {10.1198/073500103288618909},
	Journal = {Journal of Business and Economic Statistics},
	Number = {2},
	Pages = {213-225},
	Title = {Regression Modeling and Meta-Analysis for Decision Making},
	Volume = {21},
	Year = {2003},
	Bdsk-File-1 = {YnBsaXN0MDDUAQIDBAUGJCVYJHZlcnNpb25YJG9iamVjdHNZJGFyY2hpdmVyVCR0b3ASAAGGoKgHCBMUFRYaIVUkbnVsbNMJCgsMDxJXTlMua2V5c1pOUy5vYmplY3RzViRjbGFzc6INDoACgAOiEBGABIAFgAdccmVsYXRpdmVQYXRoWWFsaWFzRGF0YV8QGGNpdGF0aW9ucy9HZWxtYW4wM2FhLnBkZtIXCxgZV05TLmRhdGFPEQHcAAAAAAHcAAIAAAxNYWNpbnRvc2ggSEQAAAAAAAAAAAAAAAAAAADPJrlsSCsAAAAHrpgOR2VsbWFuMDNhYS5wZGYAAAAAAAAAAAAAAAAAAAAAAAAAAAAAAAAAAAAAAAAAAAAAAAAAAAAAAAAAAAAAAAAAAAgB8s8hGdAAAAAAAAAAAAABAAMAAAkgAAAAAAAAAAAAAAAAAAAACWNpdGF0aW9ucwAAEAAIAADPJynsAAAAEQAIAADPIYpQAAAAAQAYAAeumAAScLkAB635AAeswQAGH84AAmRLAAIAX01hY2ludG9zaCBIRDpVc2VyczoAbWljaGFlbG1hbHRlc2U6AERyb3Bib3g6AFRoZXNpcyAyMDEzLTIwMTQ6AGZpbmFsOgBjaXRhdGlvbnM6AEdlbG1hbjAzYWEucGRmAAAOAB4ADgBHAGUAbABtAGEAbgAwADMAYQBhAC4AcABkAGYADwAaAAwATQBhAGMAaQBuAHQAbwBzAGgAIABIAEQAEgBMVXNlcnMvbWljaGFlbG1hbHRlc2UvRHJvcGJveC9UaGVzaXMgMjAxMy0yMDE0L2ZpbmFsL2NpdGF0aW9ucy9HZWxtYW4wM2FhLnBkZgATAAEvAAAVAAIAFf//AACABtIbHB0eWiRjbGFzc25hbWVYJGNsYXNzZXNdTlNNdXRhYmxlRGF0YaMdHyBWTlNEYXRhWE5TT2JqZWN00hscIiNcTlNEaWN0aW9uYXJ5oiIgXxAPTlNLZXllZEFyY2hpdmVy0SYnVHJvb3SAAQAIABEAGgAjAC0AMgA3AEAARgBNAFUAYABnAGoAbABuAHEAcwB1AHcAhACOAKkArgC2ApYCmAKdAqgCsQK/AsMCygLTAtgC5QLoAvoC/QMCAAAAAAAAAgEAAAAAAAAAKAAAAAAAAAAAAAAAAAAAAwQ=}}

@article{Goldstein:1989aa,
	Author = {Harvey Goldstein},
	Date-Added = {2014-02-12 19:57:18 +0000},
	Date-Modified = {2014-02-12 20:10:22 +0000},
	Doi = {10.1093/biomet/76.3.622},
	Journal = {Biometrika},
	Number = {3},
	Pages = {622-623},
	Title = {Restricted unbiased iterative generalized least-squares estimation},
	Volume = {76},
	Year = {1989},
	Bdsk-File-1 = {YnBsaXN0MDDUAQIDBAUGJCVYJHZlcnNpb25YJG9iamVjdHNZJGFyY2hpdmVyVCR0b3ASAAGGoKgHCBMUFRYaIVUkbnVsbNMJCgsMDxJXTlMua2V5c1pOUy5vYmplY3RzViRjbGFzc6INDoACgAOiEBGABIAFgAdccmVsYXRpdmVQYXRoWWFsaWFzRGF0YV8QG2NpdGF0aW9ucy9Hb2xkc3RlaW44OWFhLnBkZtIXCxgZV05TLmRhdGFPEQHoAAAAAAHoAAIAAAxNYWNpbnRvc2ggSEQAAAAAAAAAAAAAAAAAAADPJrlsSCsAAAAHrpgRR29sZHN0ZWluODlhYS5wZGYAAAAAAAAAAAAAAAAAAAAAAAAAAAAAAAAAAAAAAAAAAAAAAAAAAAAAAAAAAAAAAAgS5s8hEjoAAAAAAAAAAAABAAMAAAkgAAAAAAAAAAAAAAAAAAAACWNpdGF0aW9ucwAAEAAIAADPJynsAAAAEQAIAADPIYK6AAAAAQAYAAeumAAScLkAB635AAeswQAGH84AAmRLAAIAYk1hY2ludG9zaCBIRDpVc2VyczoAbWljaGFlbG1hbHRlc2U6AERyb3Bib3g6AFRoZXNpcyAyMDEzLTIwMTQ6AGZpbmFsOgBjaXRhdGlvbnM6AEdvbGRzdGVpbjg5YWEucGRmAA4AJAARAEcAbwBsAGQAcwB0AGUAaQBuADgAOQBhAGEALgBwAGQAZgAPABoADABNAGEAYwBpAG4AdABvAHMAaAAgAEgARAASAE9Vc2Vycy9taWNoYWVsbWFsdGVzZS9Ecm9wYm94L1RoZXNpcyAyMDEzLTIwMTQvZmluYWwvY2l0YXRpb25zL0dvbGRzdGVpbjg5YWEucGRmAAATAAEvAAAVAAIAFf//AACABtIbHB0eWiRjbGFzc25hbWVYJGNsYXNzZXNdTlNNdXRhYmxlRGF0YaMdHyBWTlNEYXRhWE5TT2JqZWN00hscIiNcTlNEaWN0aW9uYXJ5oiIgXxAPTlNLZXllZEFyY2hpdmVy0SYnVHJvb3SAAQAIABEAGgAjAC0AMgA3AEAARgBNAFUAYABnAGoAbABuAHEAcwB1AHcAhACOAKwAsQC5AqUCpwKsArcCwALOAtIC2QLiAucC9AL3AwkDDAMRAAAAAAAAAgEAAAAAAAAAKAAAAAAAAAAAAAAAAAAAAxM=}}

@article{Goldstein:1986aa,
	Author = {Harvey Goldstein},
	Date-Added = {2014-02-12 19:56:13 +0000},
	Date-Modified = {2014-02-12 20:09:56 +0000},
	Doi = {10.1093/biomet/73.1.43},
	Journal = {Biometrika},
	Number = {1},
	Pages = {43-56},
	Title = {Multilevel mixed linear model analysis using iterative generalized least squares},
	Volume = {73},
	Year = {1986},
	Bdsk-File-1 = {YnBsaXN0MDDUAQIDBAUGJCVYJHZlcnNpb25YJG9iamVjdHNZJGFyY2hpdmVyVCR0b3ASAAGGoKgHCBMUFRYaIVUkbnVsbNMJCgsMDxJXTlMua2V5c1pOUy5vYmplY3RzViRjbGFzc6INDoACgAOiEBGABIAFgAdccmVsYXRpdmVQYXRoWWFsaWFzRGF0YV8QG2NpdGF0aW9ucy9Hb2xkc3RlaW44NmFhLnBkZtIXCxgZV05TLmRhdGFPEQHoAAAAAAHoAAIAAAxNYWNpbnRvc2ggSEQAAAAAAAAAAAAAAAAAAADPJrlsSCsAAAAHrpgRR29sZHN0ZWluODZhYS5wZGYAAAAAAAAAAAAAAAAAAAAAAAAAAAAAAAAAAAAAAAAAAAAAAAAAAAAAAAAAAAAAAAgS4s8hEhUAAAAAAAAAAAABAAMAAAkgAAAAAAAAAAAAAAAAAAAACWNpdGF0aW9ucwAAEAAIAADPJynsAAAAEQAIAADPIYKVAAAAAQAYAAeumAAScLkAB635AAeswQAGH84AAmRLAAIAYk1hY2ludG9zaCBIRDpVc2VyczoAbWljaGFlbG1hbHRlc2U6AERyb3Bib3g6AFRoZXNpcyAyMDEzLTIwMTQ6AGZpbmFsOgBjaXRhdGlvbnM6AEdvbGRzdGVpbjg2YWEucGRmAA4AJAARAEcAbwBsAGQAcwB0AGUAaQBuADgANgBhAGEALgBwAGQAZgAPABoADABNAGEAYwBpAG4AdABvAHMAaAAgAEgARAASAE9Vc2Vycy9taWNoYWVsbWFsdGVzZS9Ecm9wYm94L1RoZXNpcyAyMDEzLTIwMTQvZmluYWwvY2l0YXRpb25zL0dvbGRzdGVpbjg2YWEucGRmAAATAAEvAAAVAAIAFf//AACABtIbHB0eWiRjbGFzc25hbWVYJGNsYXNzZXNdTlNNdXRhYmxlRGF0YaMdHyBWTlNEYXRhWE5TT2JqZWN00hscIiNcTlNEaWN0aW9uYXJ5oiIgXxAPTlNLZXllZEFyY2hpdmVy0SYnVHJvb3SAAQAIABEAGgAjAC0AMgA3AEAARgBNAFUAYABnAGoAbABuAHEAcwB1AHcAhACOAKwAsQC5AqUCpwKsArcCwALOAtIC2QLiAucC9AL3AwkDDAMRAAAAAAAAAgEAAAAAAAAAKAAAAAAAAAAAAAAAAAAAAxM=}}

@article{Harville:1977aa,
	Author = {David A. Harville},
	Date-Added = {2014-02-12 19:54:07 +0000},
	Date-Modified = {2014-02-12 20:11:16 +0000},
	Doi = {10.1080/01621459.1977.10480998},
	Journal = {Journal of the American Statistical Association},
	Month = {June},
	Number = {358},
	Pages = {320-338},
	Title = {Maximum Likelihood Approaches to Variance Component Estimation and to Related Problems},
	Volume = {72},
	Year = {1977},
	Bdsk-File-1 = {YnBsaXN0MDDUAQIDBAUGJCVYJHZlcnNpb25YJG9iamVjdHNZJGFyY2hpdmVyVCR0b3ASAAGGoKgHCBMUFRYaIVUkbnVsbNMJCgsMDxJXTlMua2V5c1pOUy5vYmplY3RzViRjbGFzc6INDoACgAOiEBGABIAFgAdccmVsYXRpdmVQYXRoWWFsaWFzRGF0YV8QGmNpdGF0aW9ucy9IYXJ2aWxsZTc3YWEucGRm0hcLGBlXTlMuZGF0YU8RAeQAAAAAAeQAAgAADE1hY2ludG9zaCBIRAAAAAAAAAAAAAAAAAAAAM8muWxIKwAAAAeumBBIYXJ2aWxsZTc3YWEucGRmAAAAAAAAAAAAAAAAAAAAAAAAAAAAAAAAAAAAAAAAAAAAAAAAAAAAAAAAAAAAAAAACBdvzyERsgAAAAAAAAAAAAEAAwAACSAAAAAAAAAAAAAAAAAAAAAJY2l0YXRpb25zAAAQAAgAAM8nKewAAAARAAgAAM8hgjIAAAABABgAB66YABJwuQAHrfkAB6zBAAYfzgACZEsAAgBhTWFjaW50b3NoIEhEOlVzZXJzOgBtaWNoYWVsbWFsdGVzZToARHJvcGJveDoAVGhlc2lzIDIwMTMtMjAxNDoAZmluYWw6AGNpdGF0aW9uczoASGFydmlsbGU3N2FhLnBkZgAADgAiABAASABhAHIAdgBpAGwAbABlADcANwBhAGEALgBwAGQAZgAPABoADABNAGEAYwBpAG4AdABvAHMAaAAgAEgARAASAE5Vc2Vycy9taWNoYWVsbWFsdGVzZS9Ecm9wYm94L1RoZXNpcyAyMDEzLTIwMTQvZmluYWwvY2l0YXRpb25zL0hhcnZpbGxlNzdhYS5wZGYAEwABLwAAFQACABX//wAAgAbSGxwdHlokY2xhc3NuYW1lWCRjbGFzc2VzXU5TTXV0YWJsZURhdGGjHR8gVk5TRGF0YVhOU09iamVjdNIbHCIjXE5TRGljdGlvbmFyeaIiIF8QD05TS2V5ZWRBcmNoaXZlctEmJ1Ryb290gAEACAARABoAIwAtADIANwBAAEYATQBVAGAAZwBqAGwAbgBxAHMAdQB3AIQAjgCrALAAuAKgAqICpwKyArsCyQLNAtQC3QLiAu8C8gMEAwcDDAAAAAAAAAIBAAAAAAAAACgAAAAAAAAAAAAAAAAAAAMO}}

@article{Aitkin:1981aa,
	Author = {Aitkin, Murray and Anderson, Dorothy and Hinde, John},
	Date-Added = {2014-02-12 19:53:03 +0000},
	Date-Modified = {2014-02-12 20:06:53 +0000},
	Journal = {Journal of the Royal Statistical Society},
	Number = {4},
	Pages = {419-461},
	Title = {Statistical Modelling of Data on Teaching Styles},
	Url = {http://www.jstor.org/stable/2981826},
	Volume = {144},
	Year = {1981},
	Bdsk-File-1 = {YnBsaXN0MDDUAQIDBAUGJCVYJHZlcnNpb25YJG9iamVjdHNZJGFyY2hpdmVyVCR0b3ASAAGGoKgHCBMUFRYaIVUkbnVsbNMJCgsMDxJXTlMua2V5c1pOUy5vYmplY3RzViRjbGFzc6INDoACgAOiEBGABIAFgAdccmVsYXRpdmVQYXRoWWFsaWFzRGF0YV8QGGNpdGF0aW9ucy9BaXRraW44MWFhLnBkZtIXCxgZV05TLmRhdGFPEQHcAAAAAAHcAAIAAAxNYWNpbnRvc2ggSEQAAAAAAAAAAAAAAAAAAADPJrlsSCsAAAAHrpgOQWl0a2luODFhYS5wZGYAAAAAAAAAAAAAAAAAAAAAAAAAAAAAAAAAAAAAAAAAAAAAAAAAAAAAAAAAAAAAAAAAAAgZR88hEH0AAAAAAAAAAAABAAMAAAkgAAAAAAAAAAAAAAAAAAAACWNpdGF0aW9ucwAAEAAIAADPJynsAAAAEQAIAADPIYD9AAAAAQAYAAeumAAScLkAB635AAeswQAGH84AAmRLAAIAX01hY2ludG9zaCBIRDpVc2VyczoAbWljaGFlbG1hbHRlc2U6AERyb3Bib3g6AFRoZXNpcyAyMDEzLTIwMTQ6AGZpbmFsOgBjaXRhdGlvbnM6AEFpdGtpbjgxYWEucGRmAAAOAB4ADgBBAGkAdABrAGkAbgA4ADEAYQBhAC4AcABkAGYADwAaAAwATQBhAGMAaQBuAHQAbwBzAGgAIABIAEQAEgBMVXNlcnMvbWljaGFlbG1hbHRlc2UvRHJvcGJveC9UaGVzaXMgMjAxMy0yMDE0L2ZpbmFsL2NpdGF0aW9ucy9BaXRraW44MWFhLnBkZgATAAEvAAAVAAIAFf//AACABtIbHB0eWiRjbGFzc25hbWVYJGNsYXNzZXNdTlNNdXRhYmxlRGF0YaMdHyBWTlNEYXRhWE5TT2JqZWN00hscIiNcTlNEaWN0aW9uYXJ5oiIgXxAPTlNLZXllZEFyY2hpdmVy0SYnVHJvb3SAAQAIABEAGgAjAC0AMgA3AEAARgBNAFUAYABnAGoAbABuAHEAcwB1AHcAhACOAKkArgC2ApYCmAKdAqgCsQK/AsMCygLTAtgC5QLoAvoC/QMCAAAAAAAAAgEAAAAAAAAAKAAAAAAAAAAAAAAAAAAAAwQ=}}

@unpublished{Wang:2012aa,
	Author = {Sam Wang},
	Date-Modified = {2014-02-12 20:13:48 +0000},
	Month = {September},
	Note = {Princeton Election Consortium},
	Title = {About the Meta-Analysis ({FAQ})},
	Url = {http://election.princeton.edu/faq/},
	Year = {2012},
	Bdsk-Url-1 = {http://election.princeton.edu/faq/}}

@unpublished{Merolla:2006aa,
	Author = {Merolla, Jennifer and Munger, Michael and Tofias, Michael},
	Date-Added = {2013-11-18 19:21:40 +0000},
	Date-Modified = {2014-02-12 20:13:58 +0000},
	Month = {August},
	Note = {American Political Science Association Annual Meeting},
	Title = {Lotto, {Blotto}, or Frontrunner: {U.S.} Presidential Elections and The Nature of `Mistakes'},
	Url = {https://pantherfile.uwm.edu/tofias/www/papers/mmt.apsa2006.pdf},
	Year = {2006},
	Bdsk-File-1 = {YnBsaXN0MDDUAQIDBAUGJCVYJHZlcnNpb25YJG9iamVjdHNZJGFyY2hpdmVyVCR0b3ASAAGGoKgHCBMUFRYaIVUkbnVsbNMJCgsMDxJXTlMua2V5c1pOUy5vYmplY3RzViRjbGFzc6INDoACgAOiEBGABIAFgAdccmVsYXRpdmVQYXRoWWFsaWFzRGF0YV8QGWNpdGF0aW9ucy9NZXJvbGxhMDZhYS5wZGbSFwsYGVdOUy5kYXRhTxEB4AAAAAAB4AACAAAMTWFjaW50b3NoIEhEAAAAAAAAAAAAAAAAAAAAzya5bEgrAAAAB66YD01lcm9sbGEwNmFhLnBkZgAAAAAAAAAAAAAAAAAAAAAAAAAAAAAAAAAAAAAAAAAAAAAAAAAAAAAAAAAAAAAAAAAIErHOr6i0AAAAAAAAAAAAAQADAAAJIAAAAAAAAAAAAAAAAAAAAAljaXRhdGlvbnMAABAACAAAzycp7AAAABEACAAAzrAZNAAAAAEAGAAHrpgAEnC5AAet+QAHrMEABh/OAAJkSwACAGBNYWNpbnRvc2ggSEQ6VXNlcnM6AG1pY2hhZWxtYWx0ZXNlOgBEcm9wYm94OgBUaGVzaXMgMjAxMy0yMDE0OgBmaW5hbDoAY2l0YXRpb25zOgBNZXJvbGxhMDZhYS5wZGYADgAgAA8ATQBlAHIAbwBsAGwAYQAwADYAYQBhAC4AcABkAGYADwAaAAwATQBhAGMAaQBuAHQAbwBzAGgAIABIAEQAEgBNVXNlcnMvbWljaGFlbG1hbHRlc2UvRHJvcGJveC9UaGVzaXMgMjAxMy0yMDE0L2ZpbmFsL2NpdGF0aW9ucy9NZXJvbGxhMDZhYS5wZGYAABMAAS8AABUAAgAV//8AAIAG0hscHR5aJGNsYXNzbmFtZVgkY2xhc3Nlc11OU011dGFibGVEYXRhox0fIFZOU0RhdGFYTlNPYmplY3TSGxwiI1xOU0RpY3Rpb25hcnmiIiBfEA9OU0tleWVkQXJjaGl2ZXLRJidUcm9vdIABAAgAEQAaACMALQAyADcAQABGAE0AVQBgAGcAagBsAG4AcQBzAHUAdwCEAI4AqgCvALcCmwKdAqICrQK2AsQCyALPAtgC3QLqAu0C/wMCAwcAAAAAAAACAQAAAAAAAAAoAAAAAAAAAAAAAAAAAAADCQ==},
	Bdsk-Url-1 = {https://pantherfile.uwm.edu/tofias/www/papers/mmt.apsa2006.pdf}}

@article{Merolla:2005aa,
	Author = {Merolla, Jennifer and Munger, Michael and Tofias, Michael},
	Date-Added = {2013-11-18 19:18:43 +0000},
	Date-Modified = {2014-02-12 20:12:08 +0000},
	Doi = {10.1007/s11127-005-3209-x},
	Journal = {Public Choice},
	Pages = {19-37},
	Title = {In Play: A Commentary on Strategies in the 2004 {U.S.} Presidential Election},
	Volume = {123},
	Year = {2005},
	Bdsk-File-1 = {YnBsaXN0MDDUAQIDBAUGJCVYJHZlcnNpb25YJG9iamVjdHNZJGFyY2hpdmVyVCR0b3ASAAGGoKgHCBMUFRYaIVUkbnVsbNMJCgsMDxJXTlMua2V5c1pOUy5vYmplY3RzViRjbGFzc6INDoACgAOiEBGABIAFgAdccmVsYXRpdmVQYXRoWWFsaWFzRGF0YV8QImNpdGF0aW9ucy9KZW5uaWZlciBNZXJvbGxhMDVhYS5wZGbSFwsYGVdOUy5kYXRhTxECBAAAAAACBAACAAAMTWFjaW50b3NoIEhEAAAAAAAAAAAAAAAAAAAAzya5bEgrAAAAB66YGEplbm5pZmVyIE1lcm9sbGEwNWFhLnBkZgAAAAAAAAAAAAAAAAAAAAAAAAAAAAAAAAAAAAAAAAAAAAAAAAAAAAAIE0zOr6gIAAAAAAAAAAAAAQADAAAJIAAAAAAAAAAAAAAAAAAAAAljaXRhdGlvbnMAABAACAAAzycp7AAAABEACAAAzrAYiAAAAAEAGAAHrpgAEnC5AAet+QAHrMEABh/OAAJkSwACAGlNYWNpbnRvc2ggSEQ6VXNlcnM6AG1pY2hhZWxtYWx0ZXNlOgBEcm9wYm94OgBUaGVzaXMgMjAxMy0yMDE0OgBmaW5hbDoAY2l0YXRpb25zOgBKZW5uaWZlciBNZXJvbGxhMDVhYS5wZGYAAA4AMgAYAEoAZQBuAG4AaQBmAGUAcgAgAE0AZQByAG8AbABsAGEAMAA1AGEAYQAuAHAAZABmAA8AGgAMAE0AYQBjAGkAbgB0AG8AcwBoACAASABEABIAVlVzZXJzL21pY2hhZWxtYWx0ZXNlL0Ryb3Bib3gvVGhlc2lzIDIwMTMtMjAxNC9maW5hbC9jaXRhdGlvbnMvSmVubmlmZXIgTWVyb2xsYTA1YWEucGRmABMAAS8AABUAAgAV//8AAIAG0hscHR5aJGNsYXNzbmFtZVgkY2xhc3Nlc11OU011dGFibGVEYXRhox0fIFZOU0RhdGFYTlNPYmplY3TSGxwiI1xOU0RpY3Rpb25hcnmiIiBfEA9OU0tleWVkQXJjaGl2ZXLRJidUcm9vdIABAAgAEQAaACMALQAyADcAQABGAE0AVQBgAGcAagBsAG4AcQBzAHUAdwCEAI4AswC4AMACyALKAs8C2gLjAvEC9QL8AwUDCgMXAxoDLAMvAzQAAAAAAAACAQAAAAAAAAAoAAAAAAAAAAAAAAAAAAADNg==},
	Bdsk-Url-1 = {http://dx.doi.org/10.1007/s11127-005-3209-x}}

@article{Campbell:2006aa,
	Author = {Campbell, James E. and Ali, Syed and Jalalzai, Farida},
	Date-Added = {2013-11-14 23:27:30 +0000},
	Date-Modified = {2014-02-12 20:08:02 +0000},
	Doi = {10.1300/J199v05n01_03},
	Journal = {Journal of Political Marketing},
	Number = {1--2},
	Pages = {33--57},
	Title = {Forecasting the Presidential Vote in the States, 1948--2004: An Update, Revision, and Extension of a State-level Presidential Forecasting Model},
	Volume = {5},
	Year = {2006},
	Bdsk-File-1 = {YnBsaXN0MDDUAQIDBAUGJCVYJHZlcnNpb25YJG9iamVjdHNZJGFyY2hpdmVyVCR0b3ASAAGGoKgHCBMUFRYaIVUkbnVsbNMJCgsMDxJXTlMua2V5c1pOUy5vYmplY3RzViRjbGFzc6INDoACgAOiEBGABIAFgAdccmVsYXRpdmVQYXRoWWFsaWFzRGF0YV8QI2NpdGF0aW9ucy9KYW1lcyBFLiBDYW1wYmVsbDA2YWEucGRm0hcLGBlXTlMuZGF0YU8RAggAAAAAAggAAgAADE1hY2ludG9zaCBIRAAAAAAAAAAAAAAAAAAAAM8muWxIKwAAAAeumBlKYW1lcyBFLiBDYW1wYmVsbDA2YWEucGRmAAAAAAAAAAAAAAAAAAAAAAAAAAAAAAAAAAAAAAAAAAAAAAAAAAAACBtDzqqcWgAAAAAAAAAAAAEAAwAACSAAAAAAAAAAAAAAAAAAAAAJY2l0YXRpb25zAAAQAAgAAM8nKewAAAARAAgAAM6rDNoAAAABABgAB66YABJwuQAHrfkAB6zBAAYfzgACZEsAAgBqTWFjaW50b3NoIEhEOlVzZXJzOgBtaWNoYWVsbWFsdGVzZToARHJvcGJveDoAVGhlc2lzIDIwMTMtMjAxNDoAZmluYWw6AGNpdGF0aW9uczoASmFtZXMgRS4gQ2FtcGJlbGwwNmFhLnBkZgAOADQAGQBKAGEAbQBlAHMAIABFAC4AIABDAGEAbQBwAGIAZQBsAGwAMAA2AGEAYQAuAHAAZABmAA8AGgAMAE0AYQBjAGkAbgB0AG8AcwBoACAASABEABIAV1VzZXJzL21pY2hhZWxtYWx0ZXNlL0Ryb3Bib3gvVGhlc2lzIDIwMTMtMjAxNC9maW5hbC9jaXRhdGlvbnMvSmFtZXMgRS4gQ2FtcGJlbGwwNmFhLnBkZgAAEwABLwAAFQACABX//wAAgAbSGxwdHlokY2xhc3NuYW1lWCRjbGFzc2VzXU5TTXV0YWJsZURhdGGjHR8gVk5TRGF0YVhOU09iamVjdNIbHCIjXE5TRGljdGlvbmFyeaIiIF8QD05TS2V5ZWRBcmNoaXZlctEmJ1Ryb290gAEACAARABoAIwAtADIANwBAAEYATQBVAGAAZwBqAGwAbgBxAHMAdQB3AIQAjgC0ALkAwQLNAs8C1ALfAugC9gL6AwEDCgMPAxwDHwMxAzQDOQAAAAAAAAIBAAAAAAAAACgAAAAAAAAAAAAAAAAAAAM7},
	Bdsk-Url-1 = {http://dx.doi.org/10.1300/J199v05n01_03}}

@article{Campbell:1992aa,
	Author = {James E. Campbell},
	Date-Added = {2013-11-14 23:24:09 +0000},
	Date-Modified = {2014-02-12 20:07:37 +0000},
	Journal = {American Journal of Political Science},
	Month = {May},
	Number = {2},
	Pages = {386--407},
	Title = {Forecasting the Presidential Vote in the States},
	Url = {http://www.jstor.org/stable/2111483},
	Volume = {36},
	Year = {1992},
	Bdsk-File-1 = {YnBsaXN0MDDUAQIDBAUGJCVYJHZlcnNpb25YJG9iamVjdHNZJGFyY2hpdmVyVCR0b3ASAAGGoKgHCBMUFRYaIVUkbnVsbNMJCgsMDxJXTlMua2V5c1pOUy5vYmplY3RzViRjbGFzc6INDoACgAOiEBGABIAFgAdccmVsYXRpdmVQYXRoWWFsaWFzRGF0YV8QGmNpdGF0aW9ucy9DYW1wYmVsbDkyYWEucGRm0hcLGBlXTlMuZGF0YU8RAeQAAAAAAeQAAgAADE1hY2ludG9zaCBIRAAAAAAAAAAAAAAAAAAAAM8muWxIKwAAAAeumBBDYW1wYmVsbDkyYWEucGRmAAAAAAAAAAAAAAAAAAAAAAAAAAAAAAAAAAAAAAAAAAAAAAAAAAAAAAAAAAAAAAAACCI5zqqbkQAAAAAAAAAAAAEAAwAACSAAAAAAAAAAAAAAAAAAAAAJY2l0YXRpb25zAAAQAAgAAM8nKewAAAARAAgAAM6rDBEAAAABABgAB66YABJwuQAHrfkAB6zBAAYfzgACZEsAAgBhTWFjaW50b3NoIEhEOlVzZXJzOgBtaWNoYWVsbWFsdGVzZToARHJvcGJveDoAVGhlc2lzIDIwMTMtMjAxNDoAZmluYWw6AGNpdGF0aW9uczoAQ2FtcGJlbGw5MmFhLnBkZgAADgAiABAAQwBhAG0AcABiAGUAbABsADkAMgBhAGEALgBwAGQAZgAPABoADABNAGEAYwBpAG4AdABvAHMAaAAgAEgARAASAE5Vc2Vycy9taWNoYWVsbWFsdGVzZS9Ecm9wYm94L1RoZXNpcyAyMDEzLTIwMTQvZmluYWwvY2l0YXRpb25zL0NhbXBiZWxsOTJhYS5wZGYAEwABLwAAFQACABX//wAAgAbSGxwdHlokY2xhc3NuYW1lWCRjbGFzc2VzXU5TTXV0YWJsZURhdGGjHR8gVk5TRGF0YVhOU09iamVjdNIbHCIjXE5TRGljdGlvbmFyeaIiIF8QD05TS2V5ZWRBcmNoaXZlctEmJ1Ryb290gAEACAARABoAIwAtADIANwBAAEYATQBVAGAAZwBqAGwAbgBxAHMAdQB3AIQAjgCrALAAuAKgAqICpwKyArsCyQLNAtQC3QLiAu8C8gMEAwcDDAAAAAAAAAIBAAAAAAAAACgAAAAAAAAAAAAAAAAAAAMO}}

@article{Lock:2010aa,
	Author = {Kari Lock and Andrew Gelman},
	Date-Modified = {2014-02-12 20:11:54 +0000},
	Doi = {10.1093/pan/mpq002},
	Issue = {3},
	Journal = {Political Analysis},
	Pages = {337-348},
	Title = {Bayesian Combination of State Polls and Election Forecasts},
	Volume = {18},
	Year = {2010},
	Bdsk-File-1 = {YnBsaXN0MDDUAQIDBAUGJCVYJHZlcnNpb25YJG9iamVjdHNZJGFyY2hpdmVyVCR0b3ASAAGGoKgHCBMUFRYaIVUkbnVsbNMJCgsMDxJXTlMua2V5c1pOUy5vYmplY3RzViRjbGFzc6INDoACgAOiEBGABIAFgAdccmVsYXRpdmVQYXRoWWFsaWFzRGF0YV8QFmNpdGF0aW9ucy9Mb2NrMTBhYS5wZGbSFwsYGVdOUy5kYXRhTxEB1AAAAAAB1AACAAAMTWFjaW50b3NoIEhEAAAAAAAAAAAAAAAAAAAAzya5bEgrAAAAB66YDExvY2sxMGFhLnBkZgAAAAAAAAAAAAAAAAAAAAAAAAAAAAAAAAAAAAAAAAAAAAAAAAAAAAAAAAAAAAAAAAAAAAAIEkvOqphfAAAAAAAAAAAAAQADAAAJIAAAAAAAAAAAAAAAAAAAAAljaXRhdGlvbnMAABAACAAAzycp7AAAABEACAAAzqsI3wAAAAEAGAAHrpgAEnC5AAet+QAHrMEABh/OAAJkSwACAF1NYWNpbnRvc2ggSEQ6VXNlcnM6AG1pY2hhZWxtYWx0ZXNlOgBEcm9wYm94OgBUaGVzaXMgMjAxMy0yMDE0OgBmaW5hbDoAY2l0YXRpb25zOgBMb2NrMTBhYS5wZGYAAA4AGgAMAEwAbwBjAGsAMQAwAGEAYQAuAHAAZABmAA8AGgAMAE0AYQBjAGkAbgB0AG8AcwBoACAASABEABIASlVzZXJzL21pY2hhZWxtYWx0ZXNlL0Ryb3Bib3gvVGhlc2lzIDIwMTMtMjAxNC9maW5hbC9jaXRhdGlvbnMvTG9jazEwYWEucGRmABMAAS8AABUAAgAV//8AAIAG0hscHR5aJGNsYXNzbmFtZVgkY2xhc3Nlc11OU011dGFibGVEYXRhox0fIFZOU0RhdGFYTlNPYmplY3TSGxwiI1xOU0RpY3Rpb25hcnmiIiBfEA9OU0tleWVkQXJjaGl2ZXLRJidUcm9vdIABAAgAEQAaACMALQAyADcAQABGAE0AVQBgAGcAagBsAG4AcQBzAHUAdwCEAI4ApwCsALQCjAKOApMCngKnArUCuQLAAskCzgLbAt4C8ALzAvgAAAAAAAACAQAAAAAAAAAoAAAAAAAAAAAAAAAAAAAC+g==},
	Bdsk-Url-1 = {http://dx.doi.org/10.1093/pan/mpq002}}

@unpublished{Strauss:2007aa,
	Author = {Aaron Strauss},
	Date-Modified = {2014-02-12 20:13:29 +0000},
	Month = mar,
	Note = {Princeton University Political Methodology Seminar},
	Title = {{Florida} or {Ohio}? {F}orecasting Presidential State Outcomes Using Reverse Random Walks},
	Url = {http://www.mindlessphilosopher.net/princeton/strauss_reverse%20random%20walk.pdf},
	Year = {2007},
	Bdsk-File-1 = {YnBsaXN0MDDUAQIDBAUGJCVYJHZlcnNpb25YJG9iamVjdHNZJGFyY2hpdmVyVCR0b3ASAAGGoKgHCBMUFRYaIVUkbnVsbNMJCgsMDxJXTlMua2V5c1pOUy5vYmplY3RzViRjbGFzc6INDoACgAOiEBGABIAFgAdccmVsYXRpdmVQYXRoWWFsaWFzRGF0YV8QGWNpdGF0aW9ucy9TdHJhdXNzMDdhYS5wZGbSFwsYGVdOUy5kYXRhTxEB4AAAAAAB4AACAAAMTWFjaW50b3NoIEhEAAAAAAAAAAAAAAAAAAAAzya5bEgrAAAAB66YD1N0cmF1c3MwN2FhLnBkZgAAAAAAAAAAAAAAAAAAAAAAAAAAAAAAAAAAAAAAAAAAAAAAAAAAAAAAAAAAAAAAAAAIAfPOqpqpAAAAAAAAAAAAAQADAAAJIAAAAAAAAAAAAAAAAAAAAAljaXRhdGlvbnMAABAACAAAzycp7AAAABEACAAAzqsLKQAAAAEAGAAHrpgAEnC5AAet+QAHrMEABh/OAAJkSwACAGBNYWNpbnRvc2ggSEQ6VXNlcnM6AG1pY2hhZWxtYWx0ZXNlOgBEcm9wYm94OgBUaGVzaXMgMjAxMy0yMDE0OgBmaW5hbDoAY2l0YXRpb25zOgBTdHJhdXNzMDdhYS5wZGYADgAgAA8AUwB0AHIAYQB1AHMAcwAwADcAYQBhAC4AcABkAGYADwAaAAwATQBhAGMAaQBuAHQAbwBzAGgAIABIAEQAEgBNVXNlcnMvbWljaGFlbG1hbHRlc2UvRHJvcGJveC9UaGVzaXMgMjAxMy0yMDE0L2ZpbmFsL2NpdGF0aW9ucy9TdHJhdXNzMDdhYS5wZGYAABMAAS8AABUAAgAV//8AAIAG0hscHR5aJGNsYXNzbmFtZVgkY2xhc3Nlc11OU011dGFibGVEYXRhox0fIFZOU0RhdGFYTlNPYmplY3TSGxwiI1xOU0RpY3Rpb25hcnmiIiBfEA9OU0tleWVkQXJjaGl2ZXLRJidUcm9vdIABAAgAEQAaACMALQAyADcAQABGAE0AVQBgAGcAagBsAG4AcQBzAHUAdwCEAI4AqgCvALcCmwKdAqICrQK2AsQCyALPAtgC3QLqAu0C/wMCAwcAAAAAAAACAQAAAAAAAAAoAAAAAAAAAAAAAAAAAAADCQ==},
	Bdsk-Url-1 = {http://www.mindlessphilosopher.net/princeton/strauss_reverse%20random%20walk.pdf}}

@article{Gelman:2006aa,
	Author = {Andrew Gelman},
	Date-Modified = {2014-02-12 20:08:30 +0000},
	Doi = {10.1198/004017005000000661},
	Issue = {3},
	Journal = {Technometrics},
	Pages = {432-435},
	Title = {Multilevel (Hierarchical) Modeling: What It Can and Cannot Do},
	Volume = {48},
	Year = {2006},
	Bdsk-File-1 = {YnBsaXN0MDDUAQIDBAUGJCVYJHZlcnNpb25YJG9iamVjdHNZJGFyY2hpdmVyVCR0b3ASAAGGoKgHCBMUFRYaIVUkbnVsbNMJCgsMDxJXTlMua2V5c1pOUy5vYmplY3RzViRjbGFzc6INDoACgAOiEBGABIAFgAdccmVsYXRpdmVQYXRoWWFsaWFzRGF0YV8QGGNpdGF0aW9ucy9HZWxtYW4wNmFhLnBkZtIXCxgZV05TLmRhdGFPEQHcAAAAAAHcAAIAAAxNYWNpbnRvc2ggSEQAAAAAAAAAAAAAAAAAAADPJrlsSCsAAAAHrpgOR2VsbWFuMDZhYS5wZGYAAAAAAAAAAAAAAAAAAAAAAAAAAAAAAAAAAAAAAAAAAAAAAAAAAAAAAAAAAAAAAAAAAAgB8c6qmbgAAAAAAAAAAAABAAMAAAkgAAAAAAAAAAAAAAAAAAAACWNpdGF0aW9ucwAAEAAIAADPJynsAAAAEQAIAADOqwo4AAAAAQAYAAeumAAScLkAB635AAeswQAGH84AAmRLAAIAX01hY2ludG9zaCBIRDpVc2VyczoAbWljaGFlbG1hbHRlc2U6AERyb3Bib3g6AFRoZXNpcyAyMDEzLTIwMTQ6AGZpbmFsOgBjaXRhdGlvbnM6AEdlbG1hbjA2YWEucGRmAAAOAB4ADgBHAGUAbABtAGEAbgAwADYAYQBhAC4AcABkAGYADwAaAAwATQBhAGMAaQBuAHQAbwBzAGgAIABIAEQAEgBMVXNlcnMvbWljaGFlbG1hbHRlc2UvRHJvcGJveC9UaGVzaXMgMjAxMy0yMDE0L2ZpbmFsL2NpdGF0aW9ucy9HZWxtYW4wNmFhLnBkZgATAAEvAAAVAAIAFf//AACABtIbHB0eWiRjbGFzc25hbWVYJGNsYXNzZXNdTlNNdXRhYmxlRGF0YaMdHyBWTlNEYXRhWE5TT2JqZWN00hscIiNcTlNEaWN0aW9uYXJ5oiIgXxAPTlNLZXllZEFyY2hpdmVy0SYnVHJvb3SAAQAIABEAGgAjAC0AMgA3AEAARgBNAFUAYABnAGoAbABuAHEAcwB1AHcAhACOAKkArgC2ApYCmAKdAqgCsQK/AsMCygLTAtgC5QLoAvoC/QMCAAAAAAAAAgEAAAAAAAAAKAAAAAAAAAAAAAAAAAAAAwQ=},
	Bdsk-Url-1 = {http://dx.doi.org/10.1198/004017005000000661}}

@article{Jackman:2005aa,
	Author = {Simon Jackman},
	Date-Modified = {2014-02-12 20:11:34 +0000},
	Doi = {10.1080/10361140500302472},
	Issue = {4},
	Journal = {Australian Journal of Political Science},
	Pages = {499-517},
	Title = {Pooling the Polls Over an Election Campaign},
	Volume = {40},
	Year = {2005},
	Bdsk-File-1 = {YnBsaXN0MDDUAQIDBAUGJCVYJHZlcnNpb25YJG9iamVjdHNZJGFyY2hpdmVyVCR0b3ASAAGGoKgHCBMUFRYaIVUkbnVsbNMJCgsMDxJXTlMua2V5c1pOUy5vYmplY3RzViRjbGFzc6INDoACgAOiEBGABIAFgAdccmVsYXRpdmVQYXRoWWFsaWFzRGF0YV8QGWNpdGF0aW9ucy9KYWNrbWFuMDVhYS5wZGbSFwsYGVdOUy5kYXRhTxEB4AAAAAAB4AACAAAMTWFjaW50b3NoIEhEAAAAAAAAAAAAAAAAAAAAzya5bEgrAAAAB66YD0phY2ttYW4wNWFhLnBkZgAAAAAAAAAAAAAAAAAAAAAAAAAAAAAAAAAAAAAAAAAAAAAAAAAAAAAAAAAAAAAAAAAIEq3OqppBAAAAAAAAAAAAAQADAAAJIAAAAAAAAAAAAAAAAAAAAAljaXRhdGlvbnMAABAACAAAzycp7AAAABEACAAAzqsKwQAAAAEAGAAHrpgAEnC5AAet+QAHrMEABh/OAAJkSwACAGBNYWNpbnRvc2ggSEQ6VXNlcnM6AG1pY2hhZWxtYWx0ZXNlOgBEcm9wYm94OgBUaGVzaXMgMjAxMy0yMDE0OgBmaW5hbDoAY2l0YXRpb25zOgBKYWNrbWFuMDVhYS5wZGYADgAgAA8ASgBhAGMAawBtAGEAbgAwADUAYQBhAC4AcABkAGYADwAaAAwATQBhAGMAaQBuAHQAbwBzAGgAIABIAEQAEgBNVXNlcnMvbWljaGFlbG1hbHRlc2UvRHJvcGJveC9UaGVzaXMgMjAxMy0yMDE0L2ZpbmFsL2NpdGF0aW9ucy9KYWNrbWFuMDVhYS5wZGYAABMAAS8AABUAAgAV//8AAIAG0hscHR5aJGNsYXNzbmFtZVgkY2xhc3Nlc11OU011dGFibGVEYXRhox0fIFZOU0RhdGFYTlNPYmplY3TSGxwiI1xOU0RpY3Rpb25hcnmiIiBfEA9OU0tleWVkQXJjaGl2ZXLRJidUcm9vdIABAAgAEQAaACMALQAyADcAQABGAE0AVQBgAGcAagBsAG4AcQBzAHUAdwCEAI4AqgCvALcCmwKdAqICrQK2AsQCyALPAtgC3QLqAu0C/wMCAwcAAAAAAAACAQAAAAAAAAAoAAAAAAAAAAAAAAAAAAADCQ==},
	Bdsk-Url-1 = {http://dx.doi.org/10.1080/10361140500302472}}

@article{Hibbs:2008aa,
	Author = {Douglas Hibbs},
	Date-Modified = {2014-02-12 20:11:25 +0000},
	Doi = {10.1007/s11127-008-9333-7},
	Journal = {Public Choice},
	Pages = {1-10},
	Title = {Implications of the `bread and peace' model for the 2008 {US} presidential election},
	Volume = {137},
	Year = {2008},
	Bdsk-File-1 = {YnBsaXN0MDDUAQIDBAUGJCVYJHZlcnNpb25YJG9iamVjdHNZJGFyY2hpdmVyVCR0b3ASAAGGoKgHCBMUFRYaIVUkbnVsbNMJCgsMDxJXTlMua2V5c1pOUy5vYmplY3RzViRjbGFzc6INDoACgAOiEBGABIAFgAdccmVsYXRpdmVQYXRoWWFsaWFzRGF0YV8QF2NpdGF0aW9ucy9IaWJiczA4YWEucGRm0hcLGBlXTlMuZGF0YU8RAdgAAAAAAdgAAgAADE1hY2ludG9zaCBIRAAAAAAAAAAAAAAAAAAAAM8muWxIKwAAAAeumA1IaWJiczA4YWEucGRmAAAAAAAAAAAAAAAAAAAAAAAAAAAAAAAAAAAAAAAAAAAAAAAAAAAAAAAAAAAAAAAAAAAACBJpzqqaEgAAAAAAAAAAAAEAAwAACSAAAAAAAAAAAAAAAAAAAAAJY2l0YXRpb25zAAAQAAgAAM8nKewAAAARAAgAAM6rCpIAAAABABgAB66YABJwuQAHrfkAB6zBAAYfzgACZEsAAgBeTWFjaW50b3NoIEhEOlVzZXJzOgBtaWNoYWVsbWFsdGVzZToARHJvcGJveDoAVGhlc2lzIDIwMTMtMjAxNDoAZmluYWw6AGNpdGF0aW9uczoASGliYnMwOGFhLnBkZgAOABwADQBIAGkAYgBiAHMAMAA4AGEAYQAuAHAAZABmAA8AGgAMAE0AYQBjAGkAbgB0AG8AcwBoACAASABEABIAS1VzZXJzL21pY2hhZWxtYWx0ZXNlL0Ryb3Bib3gvVGhlc2lzIDIwMTMtMjAxNC9maW5hbC9jaXRhdGlvbnMvSGliYnMwOGFhLnBkZgAAEwABLwAAFQACABX//wAAgAbSGxwdHlokY2xhc3NuYW1lWCRjbGFzc2VzXU5TTXV0YWJsZURhdGGjHR8gVk5TRGF0YVhOU09iamVjdNIbHCIjXE5TRGljdGlvbmFyeaIiIF8QD05TS2V5ZWRBcmNoaXZlctEmJ1Ryb290gAEACAARABoAIwAtADIANwBAAEYATQBVAGAAZwBqAGwAbgBxAHMAdQB3AIQAjgCoAK0AtQKRApMCmAKjAqwCugK+AsUCzgLTAuAC4wL1AvgC/QAAAAAAAAIBAAAAAAAAACgAAAAAAAAAAAAAAAAAAAL/},
	Bdsk-Url-1 = {http://dx.doi.org/10.1007/s11127-008-9333-7}}

@book{Christensen:2010aa,
	Author = {Ronald Christensen and Wesley Johnson and Adam Branscum and Timothy E. Hanson},
	Date-Modified = {2013-11-14 23:33:13 +0000},
	Isbn = {978-1-4398-0354-7},
	Publisher = {Chapman \& Hall/CRC},
	Title = {Bayesian Ideas and Data Analysis: An Introduction For Scientists and Statisticians},
	Year = {2010}}

@book{Gelman:2007aa,
	Author = {Andrew Gelman and Jennifer Hill},
	Chapter = {12},
	Date-Modified = {2014-02-12 20:45:00 +0000},
	Isbn = {978-0-5216-8689-1},
	Publisher = {Cambridge University Press},
	Title = {Data Analysis Using Regression and Multilevel/Hierarchical Models},
	Year = {2007},
	Bdsk-File-1 = {YnBsaXN0MDDUAQIDBAUGJCVYJHZlcnNpb25YJG9iamVjdHNZJGFyY2hpdmVyVCR0b3ASAAGGoKgHCBMUFRYaIVUkbnVsbNMJCgsMDxJXTlMua2V5c1pOUy5vYmplY3RzViRjbGFzc6INDoACgAOiEBGABIAFgAdccmVsYXRpdmVQYXRoWWFsaWFzRGF0YV8QGGNpdGF0aW9ucy9HZWxtYW4wN2FhLnBkZtIXCxgZV05TLmRhdGFPEQHcAAAAAAHcAAIAAAxNYWNpbnRvc2ggSEQAAAAAAAAAAAAAAAAAAADPJrlsSCsAAAAHrpgOR2VsbWFuMDdhYS5wZGYAAAAAAAAAAAAAAAAAAAAAAAAAAAAAAAAAAAAAAAAAAAAAAAAAAAAAAAAAAAAAAAAAAAi5Wc8hHrAAAAAAAAAAAAABAAMAAAkgAAAAAAAAAAAAAAAAAAAACWNpdGF0aW9ucwAAEAAIAADPJynsAAAAEQAIAADPIY8wAAAAAQAYAAeumAAScLkAB635AAeswQAGH84AAmRLAAIAX01hY2ludG9zaCBIRDpVc2VyczoAbWljaGFlbG1hbHRlc2U6AERyb3Bib3g6AFRoZXNpcyAyMDEzLTIwMTQ6AGZpbmFsOgBjaXRhdGlvbnM6AEdlbG1hbjA3YWEucGRmAAAOAB4ADgBHAGUAbABtAGEAbgAwADcAYQBhAC4AcABkAGYADwAaAAwATQBhAGMAaQBuAHQAbwBzAGgAIABIAEQAEgBMVXNlcnMvbWljaGFlbG1hbHRlc2UvRHJvcGJveC9UaGVzaXMgMjAxMy0yMDE0L2ZpbmFsL2NpdGF0aW9ucy9HZWxtYW4wN2FhLnBkZgATAAEvAAAVAAIAFf//AACABtIbHB0eWiRjbGFzc25hbWVYJGNsYXNzZXNdTlNNdXRhYmxlRGF0YaMdHyBWTlNEYXRhWE5TT2JqZWN00hscIiNcTlNEaWN0aW9uYXJ5oiIgXxAPTlNLZXllZEFyY2hpdmVy0SYnVHJvb3SAAQAIABEAGgAjAC0AMgA3AEAARgBNAFUAYABnAGoAbABuAHEAcwB1AHcAhACOAKkArgC2ApYCmAKdAqgCsQK/AsMCygLTAtgC5QLoAvoC/QMCAAAAAAAAAgEAAAAAAAAAKAAAAAAAAAAAAAAAAAAAAwQ=}}

@book{Silver:2012aa,
	Author = {Nate Silver},
	Date-Modified = {2013-11-14 23:33:00 +0000},
	Isbn = {978-1-5942-0411-1},
	Publisher = {Penguin Group},
	Title = {The Signal and the Noise: Why So Many Predictions Fail---but Some Don't},
	Year = {2012}}

@article{Lax:2009aa,
	Author = {Jeffrey Lax and Justin Phillips},
	Date-Modified = {2014-02-12 20:11:43 +0000},
	Doi = {10.1017/S0003055409990050},
	Issue = {3},
	Journal = {American Political Science Review},
	Pages = {367-386},
	Title = {Gay Rights in the States: Public Opinion and Policy Responsiveness},
	Volume = {103},
	Year = {2009},
	Bdsk-File-1 = {YnBsaXN0MDDUAQIDBAUGJCVYJHZlcnNpb25YJG9iamVjdHNZJGFyY2hpdmVyVCR0b3ASAAGGoKgHCBMUFRYaIVUkbnVsbNMJCgsMDxJXTlMua2V5c1pOUy5vYmplY3RzViRjbGFzc6INDoACgAOiEBGABIAFgAdccmVsYXRpdmVQYXRoWWFsaWFzRGF0YV8QFWNpdGF0aW9ucy9MYXgwOWFhLnBkZtIXCxgZV05TLmRhdGFPEQHQAAAAAAHQAAIAAAxNYWNpbnRvc2ggSEQAAAAAAAAAAAAAAAAAAADPJrlsSCsAAAAHrpgLTGF4MDlhYS5wZGYAAAAAAAAAAAAAAAAAAAAAAAAAAAAAAAAAAAAAAAAAAAAAAAAAAAAAAAAAAAAAAAAAAAAAAAgSQM6vnCkAAAAAAAAAAAABAAMAAAkgAAAAAAAAAAAAAAAAAAAACWNpdGF0aW9ucwAAEAAIAADPJynsAAAAEQAIAADOsAypAAAAAQAYAAeumAAScLkAB635AAeswQAGH84AAmRLAAIAXE1hY2ludG9zaCBIRDpVc2VyczoAbWljaGFlbG1hbHRlc2U6AERyb3Bib3g6AFRoZXNpcyAyMDEzLTIwMTQ6AGZpbmFsOgBjaXRhdGlvbnM6AExheDA5YWEucGRmAA4AGAALAEwAYQB4ADAAOQBhAGEALgBwAGQAZgAPABoADABNAGEAYwBpAG4AdABvAHMAaAAgAEgARAASAElVc2Vycy9taWNoYWVsbWFsdGVzZS9Ecm9wYm94L1RoZXNpcyAyMDEzLTIwMTQvZmluYWwvY2l0YXRpb25zL0xheDA5YWEucGRmAAATAAEvAAAVAAIAFf//AACABtIbHB0eWiRjbGFzc25hbWVYJGNsYXNzZXNdTlNNdXRhYmxlRGF0YaMdHyBWTlNEYXRhWE5TT2JqZWN00hscIiNcTlNEaWN0aW9uYXJ5oiIgXxAPTlNLZXllZEFyY2hpdmVy0SYnVHJvb3SAAQAIABEAGgAjAC0AMgA3AEAARgBNAFUAYABnAGoAbABuAHEAcwB1AHcAhACOAKYAqwCzAocCiQKOApkCogKwArQCuwLEAskC1gLZAusC7gLzAAAAAAAAAgEAAAAAAAAAKAAAAAAAAAAAAAAAAAAAAvU=},
	Bdsk-Url-1 = {http://dx.doi.org/10.1017/S0003055409990050}}

@article{Ghitza:2013aa,
	Author = {Yair Ghitza and Andrew Gelman},
	Date-Modified = {2014-02-12 20:09:19 +0000},
	Doi = {10.1111/ajps.12004},
	Issue = {3},
	Journal = {American Journal of Poltical Science},
	Pages = {762-776},
	Title = {Deep Interactions with {MRP}: Election Turnout and Voting Patterns Among Small Electoral Subgroups},
	Volume = {57},
	Year = {2013},
	Bdsk-File-1 = {YnBsaXN0MDDUAQIDBAUGJCVYJHZlcnNpb25YJG9iamVjdHNZJGFyY2hpdmVyVCR0b3ASAAGGoKgHCBMUFRYaIVUkbnVsbNMJCgsMDxJXTlMua2V5c1pOUy5vYmplY3RzViRjbGFzc6INDoACgAOiEBGABIAFgAdccmVsYXRpdmVQYXRoWWFsaWFzRGF0YV8QGGNpdGF0aW9ucy9HaGl0emExM2FhLnBkZtIXCxgZV05TLmRhdGFPEQHcAAAAAAHcAAIAAAxNYWNpbnRvc2ggSEQAAAAAAAAAAAAAAAAAAADPJrlsSCsAAAAHrpgOR2hpdHphMTNhYS5wZGYAAAAAAAAAAAAAAAAAAAAAAAAAAAAAAAAAAAAAAAAAAAAAAAAAAAAAAAAAAAAAAAAAAAgTGc6qmf0AAAAAAAAAAAABAAMAAAkgAAAAAAAAAAAAAAAAAAAACWNpdGF0aW9ucwAAEAAIAADPJynsAAAAEQAIAADOqwp9AAAAAQAYAAeumAAScLkAB635AAeswQAGH84AAmRLAAIAX01hY2ludG9zaCBIRDpVc2VyczoAbWljaGFlbG1hbHRlc2U6AERyb3Bib3g6AFRoZXNpcyAyMDEzLTIwMTQ6AGZpbmFsOgBjaXRhdGlvbnM6AEdoaXR6YTEzYWEucGRmAAAOAB4ADgBHAGgAaQB0AHoAYQAxADMAYQBhAC4AcABkAGYADwAaAAwATQBhAGMAaQBuAHQAbwBzAGgAIABIAEQAEgBMVXNlcnMvbWljaGFlbG1hbHRlc2UvRHJvcGJveC9UaGVzaXMgMjAxMy0yMDE0L2ZpbmFsL2NpdGF0aW9ucy9HaGl0emExM2FhLnBkZgATAAEvAAAVAAIAFf//AACABtIbHB0eWiRjbGFzc25hbWVYJGNsYXNzZXNdTlNNdXRhYmxlRGF0YaMdHyBWTlNEYXRhWE5TT2JqZWN00hscIiNcTlNEaWN0aW9uYXJ5oiIgXxAPTlNLZXllZEFyY2hpdmVy0SYnVHJvb3SAAQAIABEAGgAjAC0AMgA3AEAARgBNAFUAYABnAGoAbABuAHEAcwB1AHcAhACOAKkArgC2ApYCmAKdAqgCsQK/AsMCygLTAtgC5QLoAvoC/QMCAAAAAAAAAgEAAAAAAAAAKAAAAAAAAAAAAAAAAAAAAwQ=},
	Bdsk-Url-1 = {http://dx.doi.org/10.1111/ajps.12004}}
