%% This BibTeX bibliography file was created using BibDesk.
%% http://bibdesk.sourceforge.net/


%% Created for Michael Maltese at 2014-03-02 16:04:54 -0800 


%% Saved with string encoding Unicode (UTF-8) 



@article{Damien:2001aa,
	Author = {Paul Damien and Stephen G. Walker},
	Date-Added = {2014-03-03 00:03:39 +0000},
	Date-Modified = {2014-03-03 00:04:45 +0000},
	Journal = {Journal of Computational and Graphical Statistics},
	Month = {June},
	Number = {2},
	Pages = {206--215},
	Title = {Sampling Truncated Normal, Beta, and Gamma Densities},
	Volume = {10},
	Year = {2001},
	Bdsk-File-1 = {YnBsaXN0MDDUAQIDBAUGJCVYJHZlcnNpb25YJG9iamVjdHNZJGFyY2hpdmVyVCR0b3ASAAGGoKgHCBMUFRYaIVUkbnVsbNMJCgsMDxJXTlMua2V5c1pOUy5vYmplY3RzViRjbGFzc6INDoACgAOiEBGABIAFgAdccmVsYXRpdmVQYXRoWWFsaWFzRGF0YV8QF3BhcGVycy9EYW1pZW4yMDAxYWEucGRm0hcLGBlXTlMuZGF0YU8RAdYAAAAAAdYAAgAADE1hY2ludG9zaCBIRAAAAAAAAAAAAAAAAAAAAM8muWxIKwAAAAeumBBEYW1pZW4yMDAxYWEucGRmAAAAAAAAAAAAAAAAAAAAAAAAAAAAAAAAAAAAAAAAAAAAAAAAAAAAAAAAAAAAAAAAJoLgzzkGagAAAAAAAAAAAAEAAwAACSAAAAAAAAAAAAAAAAAAAAAGcGFwZXJzABAACAAAzycp7AAAABEACAAAzzl26gAAAAEAGAAHrpgAB64QAAet+QAHrMEABh/OAAJkSwACAFxNYWNpbnRvc2ggSEQ6VXNlcnM6AG1pY2hhZWxtYWx0ZXNlOgBEcm9wYm94OgBUaGVzaXMgMjAxMy0yMDE0OgB0ZXg6AHBhcGVyczoARGFtaWVuMjAwMWFhLnBkZgAOACIAEABEAGEAbQBpAGUAbgAyADAAMAAxAGEAYQAuAHAAZABmAA8AGgAMAE0AYQBjAGkAbgB0AG8AcwBoACAASABEABIASVVzZXJzL21pY2hhZWxtYWx0ZXNlL0Ryb3Bib3gvVGhlc2lzIDIwMTMtMjAxNC90ZXgvcGFwZXJzL0RhbWllbjIwMDFhYS5wZGYAABMAAS8AABUAAgAV//8AAIAG0hscHR5aJGNsYXNzbmFtZVgkY2xhc3Nlc11OU011dGFibGVEYXRhox0fIFZOU0RhdGFYTlNPYmplY3TSGxwiI1xOU0RpY3Rpb25hcnmiIiBfEA9OU0tleWVkQXJjaGl2ZXLRJidUcm9vdIABAAgAEQAaACMALQAyADcAQABGAE0AVQBgAGcAagBsAG4AcQBzAHUAdwCEAI4AqACtALUCjwKRApYCoQKqArgCvALDAswC0QLeAuEC8wL2AvsAAAAAAAACAQAAAAAAAAAoAAAAAAAAAAAAAAAAAAAC/Q==}}

@inproceedings{Walsh:04aa,
	Author = {Walsh, B.},
	Booktitle = {Lecture notes for EEB 581, version 26},
	Date-Added = {2014-02-18 05:07:13 +0000},
	Date-Modified = {2014-02-18 05:10:31 +0000},
	Month = {April},
	Title = {Markov Chain Monte Carlo and Gibbs Sampling},
	Year = {2004},
	Bdsk-File-1 = {YnBsaXN0MDDUAQIDBAUGJCVYJHZlcnNpb25YJG9iamVjdHNZJGFyY2hpdmVyVCR0b3ASAAGGoKgHCBMUFRYaIVUkbnVsbNMJCgsMDxJXTlMua2V5c1pOUy5vYmplY3RzViRjbGFzc6INDoACgAOiEBGABIAFgAdccmVsYXRpdmVQYXRoWWFsaWFzRGF0YV8QFnBhcGVycy9XYWxzaDIwMDRhYS5wZGbSFwsYGVdOUy5kYXRhTxEB0gAAAAAB0gACAAAMTWFjaW50b3NoIEhEAAAAAAAAAAAAAAAAAAAAzya5bEgrAAAAB66YD1dhbHNoMjAwNGFhLnBkZgAAAAAAAAAAAAAAAAAAAAAAAAAAAAAAAAAAAAAAAAAAAAAAAAAAAAAAAAAAAAAAAAASZqnPKCr1AAAAAAAAAAAAAQADAAAJIAAAAAAAAAAAAAAAAAAAAAZwYXBlcnMAEAAIAADPJynsAAAAEQAIAADPKJt1AAAAAQAYAAeumAAHrhAAB635AAeswQAGH84AAmRLAAIAW01hY2ludG9zaCBIRDpVc2VyczoAbWljaGFlbG1hbHRlc2U6AERyb3Bib3g6AFRoZXNpcyAyMDEzLTIwMTQ6AHRleDoAcGFwZXJzOgBXYWxzaDIwMDRhYS5wZGYAAA4AIAAPAFcAYQBsAHMAaAAyADAAMAA0AGEAYQAuAHAAZABmAA8AGgAMAE0AYQBjAGkAbgB0AG8AcwBoACAASABEABIASFVzZXJzL21pY2hhZWxtYWx0ZXNlL0Ryb3Bib3gvVGhlc2lzIDIwMTMtMjAxNC90ZXgvcGFwZXJzL1dhbHNoMjAwNGFhLnBkZgATAAEvAAAVAAIAFf//AACABtIbHB0eWiRjbGFzc25hbWVYJGNsYXNzZXNdTlNNdXRhYmxlRGF0YaMdHyBWTlNEYXRhWE5TT2JqZWN00hscIiNcTlNEaWN0aW9uYXJ5oiIgXxAPTlNLZXllZEFyY2hpdmVy0SYnVHJvb3SAAQAIABEAGgAjAC0AMgA3AEAARgBNAFUAYABnAGoAbABuAHEAcwB1AHcAhACOAKcArAC0AooCjAKRApwCpQKzArcCvgLHAswC2QLcAu4C8QL2AAAAAAAAAgEAAAAAAAAAKAAAAAAAAAAAAAAAAAAAAvg=}}

@manual{lme4,
	Author = {Douglas Bates and Martin Maechler and Ben Bolker and Steven Walker},
	Note = {R package version 1.0-6},
	Title = {lme4: Linear mixed-effects models using Eigen and S4},
	Url = {http://CRAN.R-project.org/package=lme4},
	Year = {2014},
	Bdsk-Url-1 = {http://CRAN.R-project.org/package=lme4}}

@manual{R,
	Address = {Vienna, Austria},
	Author = {{R Core Team}},
	Organization = {R Foundation for Statistical Computing},
	Title = {R: A Language and Environment for Statistical Computing},
	Url = {http://www.R-project.org/},
	Year = {2013},
	Bdsk-Url-1 = {http://www.R-project.org/}}

@article{Price:1996aa,
	Author = {Price, Phillip N. and Nero, A.V. and Gelman, Andrew},
	Date-Added = {2014-02-12 20:35:50 +0000},
	Date-Modified = {2014-02-12 20:40:48 +0000},
	Journal = {Health Physics},
	Month = {Dec},
	Number = {6},
	Pages = {922-936},
	Title = {Bayesian prediction of mean indoor radon concentrations for Minnesota counties.},
	Volume = {71},
	Year = {1996},
	Bdsk-File-1 = {YnBsaXN0MDDUAQIDBAUGJCVYJHZlcnNpb25YJG9iamVjdHNZJGFyY2hpdmVyVCR0b3ASAAGGoKgHCBMUFRYaIVUkbnVsbNMJCgsMDxJXTlMua2V5c1pOUy5vYmplY3RzViRjbGFzc6INDoACgAOiEBGABIAFgAdccmVsYXRpdmVQYXRoWWFsaWFzRGF0YV8QFHBhcGVycy9QcmljZTk2YWEucGRm0hcLGBlXTlMuZGF0YU8RAcoAAAAAAcoAAgAADE1hY2ludG9zaCBIRAAAAAAAAAAAAAAAAAAAAM8muWxIKwAAAAeumA1QcmljZTk2YWEucGRmAAAAAAAAAAAAAAAAAAAAAAAAAAAAAAAAAAAAAAAAAAAAAAAAAAAAAAAAAAAAAAAAAAAACAHwzyEZ7gAAAAAAAAAAAAEAAwAACSAAAAAAAAAAAAAAAAAAAAAGcGFwZXJzABAACAAAzycp7AAAABEACAAAzyGKbgAAAAEAGAAHrpgAB64QAAet+QAHrMEABh/OAAJkSwACAFlNYWNpbnRvc2ggSEQ6VXNlcnM6AG1pY2hhZWxtYWx0ZXNlOgBEcm9wYm94OgBUaGVzaXMgMjAxMy0yMDE0OgB0ZXg6AHBhcGVyczoAUHJpY2U5NmFhLnBkZgAADgAcAA0AUAByAGkAYwBlADkANgBhAGEALgBwAGQAZgAPABoADABNAGEAYwBpAG4AdABvAHMAaAAgAEgARAASAEZVc2Vycy9taWNoYWVsbWFsdGVzZS9Ecm9wYm94L1RoZXNpcyAyMDEzLTIwMTQvdGV4L3BhcGVycy9QcmljZTk2YWEucGRmABMAAS8AABUAAgAV//8AAIAG0hscHR5aJGNsYXNzbmFtZVgkY2xhc3Nlc11OU011dGFibGVEYXRhox0fIFZOU0RhdGFYTlNPYmplY3TSGxwiI1xOU0RpY3Rpb25hcnmiIiBfEA9OU0tleWVkQXJjaGl2ZXLRJidUcm9vdIABAAgAEQAaACMALQAyADcAQABGAE0AVQBgAGcAagBsAG4AcQBzAHUAdwCEAI4ApQCqALICgAKCAocCkgKbAqkCrQK0Ar0CwgLPAtIC5ALnAuwAAAAAAAACAQAAAAAAAAAoAAAAAAAAAAAAAAAAAAAC7g==}}

@article{Gelman:2003aa,
	Author = {Gelman, Andrew and Stevens, Matt and Chan, Valerie},
	Date-Added = {2014-02-12 20:31:26 +0000},
	Date-Modified = {2014-02-12 20:41:13 +0000},
	Doi = {10.1198/073500103288618909},
	Journal = {Journal of Business and Economic Statistics},
	Number = {2},
	Pages = {213-225},
	Title = {Regression Modeling and Meta-Analysis for Decision Making},
	Volume = {21},
	Year = {2003},
	Bdsk-File-1 = {YnBsaXN0MDDUAQIDBAUGJCVYJHZlcnNpb25YJG9iamVjdHNZJGFyY2hpdmVyVCR0b3ASAAGGoKgHCBMUFRYaIVUkbnVsbNMJCgsMDxJXTlMua2V5c1pOUy5vYmplY3RzViRjbGFzc6INDoACgAOiEBGABIAFgAdccmVsYXRpdmVQYXRoWWFsaWFzRGF0YV8QFXBhcGVycy9HZWxtYW4wM2FhLnBkZtIXCxgZV05TLmRhdGFPEQHOAAAAAAHOAAIAAAxNYWNpbnRvc2ggSEQAAAAAAAAAAAAAAAAAAADPJrlsSCsAAAAHrpgOR2VsbWFuMDNhYS5wZGYAAAAAAAAAAAAAAAAAAAAAAAAAAAAAAAAAAAAAAAAAAAAAAAAAAAAAAAAAAAAAAAAAAAgB8s8hGdAAAAAAAAAAAAABAAMAAAkgAAAAAAAAAAAAAAAAAAAABnBhcGVycwAQAAgAAM8nKewAAAARAAgAAM8hilAAAAABABgAB66YAAeuEAAHrfkAB6zBAAYfzgACZEsAAgBaTWFjaW50b3NoIEhEOlVzZXJzOgBtaWNoYWVsbWFsdGVzZToARHJvcGJveDoAVGhlc2lzIDIwMTMtMjAxNDoAdGV4OgBwYXBlcnM6AEdlbG1hbjAzYWEucGRmAA4AHgAOAEcAZQBsAG0AYQBuADAAMwBhAGEALgBwAGQAZgAPABoADABNAGEAYwBpAG4AdABvAHMAaAAgAEgARAASAEdVc2Vycy9taWNoYWVsbWFsdGVzZS9Ecm9wYm94L1RoZXNpcyAyMDEzLTIwMTQvdGV4L3BhcGVycy9HZWxtYW4wM2FhLnBkZgAAEwABLwAAFQACABX//wAAgAbSGxwdHlokY2xhc3NuYW1lWCRjbGFzc2VzXU5TTXV0YWJsZURhdGGjHR8gVk5TRGF0YVhOU09iamVjdNIbHCIjXE5TRGljdGlvbmFyeaIiIF8QD05TS2V5ZWRBcmNoaXZlctEmJ1Ryb290gAEACAARABoAIwAtADIANwBAAEYATQBVAGAAZwBqAGwAbgBxAHMAdQB3AIQAjgCmAKsAswKFAocCjAKXAqACrgKyArkCwgLHAtQC1wLpAuwC8QAAAAAAAAIBAAAAAAAAACgAAAAAAAAAAAAAAAAAAALz}}

@article{Goldstein:1989aa,
	Author = {Harvey Goldstein},
	Date-Added = {2014-02-12 19:57:18 +0000},
	Date-Modified = {2014-02-12 20:10:22 +0000},
	Doi = {10.1093/biomet/76.3.622},
	Journal = {Biometrika},
	Number = {3},
	Pages = {622-623},
	Title = {Restricted unbiased iterative generalized least-squares estimation},
	Volume = {76},
	Year = {1989},
	Bdsk-File-1 = {YnBsaXN0MDDUAQIDBAUGJCVYJHZlcnNpb25YJG9iamVjdHNZJGFyY2hpdmVyVCR0b3ASAAGGoKgHCBMUFRYaIVUkbnVsbNMJCgsMDxJXTlMua2V5c1pOUy5vYmplY3RzViRjbGFzc6INDoACgAOiEBGABIAFgAdccmVsYXRpdmVQYXRoWWFsaWFzRGF0YV8QGHBhcGVycy9Hb2xkc3RlaW44OWFhLnBkZtIXCxgZV05TLmRhdGFPEQHaAAAAAAHaAAIAAAxNYWNpbnRvc2ggSEQAAAAAAAAAAAAAAAAAAADPJrlsSCsAAAAHrpgRR29sZHN0ZWluODlhYS5wZGYAAAAAAAAAAAAAAAAAAAAAAAAAAAAAAAAAAAAAAAAAAAAAAAAAAAAAAAAAAAAAAAgS5s8hEjoAAAAAAAAAAAABAAMAAAkgAAAAAAAAAAAAAAAAAAAABnBhcGVycwAQAAgAAM8nKewAAAARAAgAAM8hgroAAAABABgAB66YAAeuEAAHrfkAB6zBAAYfzgACZEsAAgBdTWFjaW50b3NoIEhEOlVzZXJzOgBtaWNoYWVsbWFsdGVzZToARHJvcGJveDoAVGhlc2lzIDIwMTMtMjAxNDoAdGV4OgBwYXBlcnM6AEdvbGRzdGVpbjg5YWEucGRmAAAOACQAEQBHAG8AbABkAHMAdABlAGkAbgA4ADkAYQBhAC4AcABkAGYADwAaAAwATQBhAGMAaQBuAHQAbwBzAGgAIABIAEQAEgBKVXNlcnMvbWljaGFlbG1hbHRlc2UvRHJvcGJveC9UaGVzaXMgMjAxMy0yMDE0L3RleC9wYXBlcnMvR29sZHN0ZWluODlhYS5wZGYAEwABLwAAFQACABX//wAAgAbSGxwdHlokY2xhc3NuYW1lWCRjbGFzc2VzXU5TTXV0YWJsZURhdGGjHR8gVk5TRGF0YVhOU09iamVjdNIbHCIjXE5TRGljdGlvbmFyeaIiIF8QD05TS2V5ZWRBcmNoaXZlctEmJ1Ryb290gAEACAARABoAIwAtADIANwBAAEYATQBVAGAAZwBqAGwAbgBxAHMAdQB3AIQAjgCpAK4AtgKUApYCmwKmAq8CvQLBAsgC0QLWAuMC5gL4AvsDAAAAAAAAAAIBAAAAAAAAACgAAAAAAAAAAAAAAAAAAAMC}}

@article{Goldstein:1986aa,
	Author = {Harvey Goldstein},
	Date-Added = {2014-02-12 19:56:13 +0000},
	Date-Modified = {2014-02-12 20:09:56 +0000},
	Doi = {10.1093/biomet/73.1.43},
	Journal = {Biometrika},
	Number = {1},
	Pages = {43-56},
	Title = {Multilevel mixed linear model analysis using iterative generalized least squares},
	Volume = {73},
	Year = {1986},
	Bdsk-File-1 = {YnBsaXN0MDDUAQIDBAUGJCVYJHZlcnNpb25YJG9iamVjdHNZJGFyY2hpdmVyVCR0b3ASAAGGoKgHCBMUFRYaIVUkbnVsbNMJCgsMDxJXTlMua2V5c1pOUy5vYmplY3RzViRjbGFzc6INDoACgAOiEBGABIAFgAdccmVsYXRpdmVQYXRoWWFsaWFzRGF0YV8QGHBhcGVycy9Hb2xkc3RlaW44NmFhLnBkZtIXCxgZV05TLmRhdGFPEQHaAAAAAAHaAAIAAAxNYWNpbnRvc2ggSEQAAAAAAAAAAAAAAAAAAADPJrlsSCsAAAAHrpgRR29sZHN0ZWluODZhYS5wZGYAAAAAAAAAAAAAAAAAAAAAAAAAAAAAAAAAAAAAAAAAAAAAAAAAAAAAAAAAAAAAAAgS4s8hEhUAAAAAAAAAAAABAAMAAAkgAAAAAAAAAAAAAAAAAAAABnBhcGVycwAQAAgAAM8nKewAAAARAAgAAM8hgpUAAAABABgAB66YAAeuEAAHrfkAB6zBAAYfzgACZEsAAgBdTWFjaW50b3NoIEhEOlVzZXJzOgBtaWNoYWVsbWFsdGVzZToARHJvcGJveDoAVGhlc2lzIDIwMTMtMjAxNDoAdGV4OgBwYXBlcnM6AEdvbGRzdGVpbjg2YWEucGRmAAAOACQAEQBHAG8AbABkAHMAdABlAGkAbgA4ADYAYQBhAC4AcABkAGYADwAaAAwATQBhAGMAaQBuAHQAbwBzAGgAIABIAEQAEgBKVXNlcnMvbWljaGFlbG1hbHRlc2UvRHJvcGJveC9UaGVzaXMgMjAxMy0yMDE0L3RleC9wYXBlcnMvR29sZHN0ZWluODZhYS5wZGYAEwABLwAAFQACABX//wAAgAbSGxwdHlokY2xhc3NuYW1lWCRjbGFzc2VzXU5TTXV0YWJsZURhdGGjHR8gVk5TRGF0YVhOU09iamVjdNIbHCIjXE5TRGljdGlvbmFyeaIiIF8QD05TS2V5ZWRBcmNoaXZlctEmJ1Ryb290gAEACAARABoAIwAtADIANwBAAEYATQBVAGAAZwBqAGwAbgBxAHMAdQB3AIQAjgCpAK4AtgKUApYCmwKmAq8CvQLBAsgC0QLWAuMC5gL4AvsDAAAAAAAAAAIBAAAAAAAAACgAAAAAAAAAAAAAAAAAAAMC}}

@article{Harville:1977aa,
	Author = {David A. Harville},
	Date-Added = {2014-02-12 19:54:07 +0000},
	Date-Modified = {2014-02-12 20:11:16 +0000},
	Doi = {10.1080/01621459.1977.10480998},
	Journal = {Journal of the American Statistical Association},
	Month = {June},
	Number = {358},
	Pages = {320-338},
	Title = {Maximum Likelihood Approaches to Variance Component Estimation and to Related Problems},
	Volume = {72},
	Year = {1977},
	Bdsk-File-1 = {YnBsaXN0MDDUAQIDBAUGJCVYJHZlcnNpb25YJG9iamVjdHNZJGFyY2hpdmVyVCR0b3ASAAGGoKgHCBMUFRYaIVUkbnVsbNMJCgsMDxJXTlMua2V5c1pOUy5vYmplY3RzViRjbGFzc6INDoACgAOiEBGABIAFgAdccmVsYXRpdmVQYXRoWWFsaWFzRGF0YV8QF3BhcGVycy9IYXJ2aWxsZTc3YWEucGRm0hcLGBlXTlMuZGF0YU8RAdYAAAAAAdYAAgAADE1hY2ludG9zaCBIRAAAAAAAAAAAAAAAAAAAAM8muWxIKwAAAAeumBBIYXJ2aWxsZTc3YWEucGRmAAAAAAAAAAAAAAAAAAAAAAAAAAAAAAAAAAAAAAAAAAAAAAAAAAAAAAAAAAAAAAAACBdvzyERsgAAAAAAAAAAAAEAAwAACSAAAAAAAAAAAAAAAAAAAAAGcGFwZXJzABAACAAAzycp7AAAABEACAAAzyGCMgAAAAEAGAAHrpgAB64QAAet+QAHrMEABh/OAAJkSwACAFxNYWNpbnRvc2ggSEQ6VXNlcnM6AG1pY2hhZWxtYWx0ZXNlOgBEcm9wYm94OgBUaGVzaXMgMjAxMy0yMDE0OgB0ZXg6AHBhcGVyczoASGFydmlsbGU3N2FhLnBkZgAOACIAEABIAGEAcgB2AGkAbABsAGUANwA3AGEAYQAuAHAAZABmAA8AGgAMAE0AYQBjAGkAbgB0AG8AcwBoACAASABEABIASVVzZXJzL21pY2hhZWxtYWx0ZXNlL0Ryb3Bib3gvVGhlc2lzIDIwMTMtMjAxNC90ZXgvcGFwZXJzL0hhcnZpbGxlNzdhYS5wZGYAABMAAS8AABUAAgAV//8AAIAG0hscHR5aJGNsYXNzbmFtZVgkY2xhc3Nlc11OU011dGFibGVEYXRhox0fIFZOU0RhdGFYTlNPYmplY3TSGxwiI1xOU0RpY3Rpb25hcnmiIiBfEA9OU0tleWVkQXJjaGl2ZXLRJidUcm9vdIABAAgAEQAaACMALQAyADcAQABGAE0AVQBgAGcAagBsAG4AcQBzAHUAdwCEAI4AqACtALUCjwKRApYCoQKqArgCvALDAswC0QLeAuEC8wL2AvsAAAAAAAACAQAAAAAAAAAoAAAAAAAAAAAAAAAAAAAC/Q==}}

@article{Aitkin:1981aa,
	Author = {Aitkin, Murray and Anderson, Dorothy and Hinde, John},
	Date-Added = {2014-02-12 19:53:03 +0000},
	Date-Modified = {2014-02-12 20:06:53 +0000},
	Journal = {Journal of the Royal Statistical Society},
	Number = {4},
	Pages = {419-461},
	Title = {Statistical Modelling of Data on Teaching Styles},
	Url = {http://www.jstor.org/stable/2981826},
	Volume = {144},
	Year = {1981},
	Bdsk-File-1 = {YnBsaXN0MDDUAQIDBAUGJCVYJHZlcnNpb25YJG9iamVjdHNZJGFyY2hpdmVyVCR0b3ASAAGGoKgHCBMUFRYaIVUkbnVsbNMJCgsMDxJXTlMua2V5c1pOUy5vYmplY3RzViRjbGFzc6INDoACgAOiEBGABIAFgAdccmVsYXRpdmVQYXRoWWFsaWFzRGF0YV8QFXBhcGVycy9BaXRraW44MWFhLnBkZtIXCxgZV05TLmRhdGFPEQHOAAAAAAHOAAIAAAxNYWNpbnRvc2ggSEQAAAAAAAAAAAAAAAAAAADPJrlsSCsAAAAHrpgOQWl0a2luODFhYS5wZGYAAAAAAAAAAAAAAAAAAAAAAAAAAAAAAAAAAAAAAAAAAAAAAAAAAAAAAAAAAAAAAAAAAAgZR88hEH0AAAAAAAAAAAABAAMAAAkgAAAAAAAAAAAAAAAAAAAABnBhcGVycwAQAAgAAM8nKewAAAARAAgAAM8hgP0AAAABABgAB66YAAeuEAAHrfkAB6zBAAYfzgACZEsAAgBaTWFjaW50b3NoIEhEOlVzZXJzOgBtaWNoYWVsbWFsdGVzZToARHJvcGJveDoAVGhlc2lzIDIwMTMtMjAxNDoAdGV4OgBwYXBlcnM6AEFpdGtpbjgxYWEucGRmAA4AHgAOAEEAaQB0AGsAaQBuADgAMQBhAGEALgBwAGQAZgAPABoADABNAGEAYwBpAG4AdABvAHMAaAAgAEgARAASAEdVc2Vycy9taWNoYWVsbWFsdGVzZS9Ecm9wYm94L1RoZXNpcyAyMDEzLTIwMTQvdGV4L3BhcGVycy9BaXRraW44MWFhLnBkZgAAEwABLwAAFQACABX//wAAgAbSGxwdHlokY2xhc3NuYW1lWCRjbGFzc2VzXU5TTXV0YWJsZURhdGGjHR8gVk5TRGF0YVhOU09iamVjdNIbHCIjXE5TRGljdGlvbmFyeaIiIF8QD05TS2V5ZWRBcmNoaXZlctEmJ1Ryb290gAEACAARABoAIwAtADIANwBAAEYATQBVAGAAZwBqAGwAbgBxAHMAdQB3AIQAjgCmAKsAswKFAocCjAKXAqACrgKyArkCwgLHAtQC1wLpAuwC8QAAAAAAAAIBAAAAAAAAACgAAAAAAAAAAAAAAAAAAALz}}

@unpublished{Wang:2012aa,
	Author = {Sam Wang},
	Date-Modified = {2014-02-12 20:13:48 +0000},
	Month = {September},
	Note = {Princeton Election Consortium},
	Title = {About the Meta-Analysis ({FAQ})},
	Url = {http://election.princeton.edu/faq/},
	Year = {2012},
	Bdsk-Url-1 = {http://election.princeton.edu/faq/}}

@unpublished{Merolla:2006aa,
	Author = {Merolla, Jennifer and Munger, Michael and Tofias, Michael},
	Date-Added = {2013-11-18 19:21:40 +0000},
	Date-Modified = {2014-02-12 20:13:58 +0000},
	Month = {August},
	Note = {American Political Science Association Annual Meeting},
	Title = {Lotto, {Blotto}, or Frontrunner: {U.S.} Presidential Elections and The Nature of `Mistakes'},
	Url = {https://pantherfile.uwm.edu/tofias/www/papers/mmt.apsa2006.pdf},
	Year = {2006},
	Bdsk-File-1 = {YnBsaXN0MDDUAQIDBAUGJCVYJHZlcnNpb25YJG9iamVjdHNZJGFyY2hpdmVyVCR0b3ASAAGGoKgHCBMUFRYaIVUkbnVsbNMJCgsMDxJXTlMua2V5c1pOUy5vYmplY3RzViRjbGFzc6INDoACgAOiEBGABIAFgAdccmVsYXRpdmVQYXRoWWFsaWFzRGF0YV8QFnBhcGVycy9NZXJvbGxhMDZhYS5wZGbSFwsYGVdOUy5kYXRhTxEB0gAAAAAB0gACAAAMTWFjaW50b3NoIEhEAAAAAAAAAAAAAAAAAAAAzya5bEgrAAAAB66YD01lcm9sbGEwNmFhLnBkZgAAAAAAAAAAAAAAAAAAAAAAAAAAAAAAAAAAAAAAAAAAAAAAAAAAAAAAAAAAAAAAAAAIErHOr6i0AAAAAAAAAAAAAQADAAAJIAAAAAAAAAAAAAAAAAAAAAZwYXBlcnMAEAAIAADPJynsAAAAEQAIAADOsBk0AAAAAQAYAAeumAAHrhAAB635AAeswQAGH84AAmRLAAIAW01hY2ludG9zaCBIRDpVc2VyczoAbWljaGFlbG1hbHRlc2U6AERyb3Bib3g6AFRoZXNpcyAyMDEzLTIwMTQ6AHRleDoAcGFwZXJzOgBNZXJvbGxhMDZhYS5wZGYAAA4AIAAPAE0AZQByAG8AbABsAGEAMAA2AGEAYQAuAHAAZABmAA8AGgAMAE0AYQBjAGkAbgB0AG8AcwBoACAASABEABIASFVzZXJzL21pY2hhZWxtYWx0ZXNlL0Ryb3Bib3gvVGhlc2lzIDIwMTMtMjAxNC90ZXgvcGFwZXJzL01lcm9sbGEwNmFhLnBkZgATAAEvAAAVAAIAFf//AACABtIbHB0eWiRjbGFzc25hbWVYJGNsYXNzZXNdTlNNdXRhYmxlRGF0YaMdHyBWTlNEYXRhWE5TT2JqZWN00hscIiNcTlNEaWN0aW9uYXJ5oiIgXxAPTlNLZXllZEFyY2hpdmVy0SYnVHJvb3SAAQAIABEAGgAjAC0AMgA3AEAARgBNAFUAYABnAGoAbABuAHEAcwB1AHcAhACOAKcArAC0AooCjAKRApwCpQKzArcCvgLHAswC2QLcAu4C8QL2AAAAAAAAAgEAAAAAAAAAKAAAAAAAAAAAAAAAAAAAAvg=},
	Bdsk-Url-1 = {https://pantherfile.uwm.edu/tofias/www/papers/mmt.apsa2006.pdf}}

@article{Merolla:2005aa,
	Author = {Merolla, Jennifer and Munger, Michael and Tofias, Michael},
	Date-Added = {2013-11-18 19:18:43 +0000},
	Date-Modified = {2014-02-12 20:12:08 +0000},
	Doi = {10.1007/s11127-005-3209-x},
	Journal = {Public Choice},
	Pages = {19-37},
	Title = {In Play: A Commentary on Strategies in the 2004 {U.S.} Presidential Election},
	Volume = {123},
	Year = {2005},
	Bdsk-File-1 = {YnBsaXN0MDDUAQIDBAUGJCVYJHZlcnNpb25YJG9iamVjdHNZJGFyY2hpdmVyVCR0b3ASAAGGoKgHCBMUFRYaIVUkbnVsbNMJCgsMDxJXTlMua2V5c1pOUy5vYmplY3RzViRjbGFzc6INDoACgAOiEBGABIAFgAdccmVsYXRpdmVQYXRoWWFsaWFzRGF0YV8QH3BhcGVycy9KZW5uaWZlciBNZXJvbGxhMDVhYS5wZGbSFwsYGVdOUy5kYXRhTxEB9gAAAAAB9gACAAAMTWFjaW50b3NoIEhEAAAAAAAAAAAAAAAAAAAAzya5bEgrAAAAB66YGEplbm5pZmVyIE1lcm9sbGEwNWFhLnBkZgAAAAAAAAAAAAAAAAAAAAAAAAAAAAAAAAAAAAAAAAAAAAAAAAAAAAAIE0zOr6gIAAAAAAAAAAAAAQADAAAJIAAAAAAAAAAAAAAAAAAAAAZwYXBlcnMAEAAIAADPJynsAAAAEQAIAADOsBiIAAAAAQAYAAeumAAHrhAAB635AAeswQAGH84AAmRLAAIAZE1hY2ludG9zaCBIRDpVc2VyczoAbWljaGFlbG1hbHRlc2U6AERyb3Bib3g6AFRoZXNpcyAyMDEzLTIwMTQ6AHRleDoAcGFwZXJzOgBKZW5uaWZlciBNZXJvbGxhMDVhYS5wZGYADgAyABgASgBlAG4AbgBpAGYAZQByACAATQBlAHIAbwBsAGwAYQAwADUAYQBhAC4AcABkAGYADwAaAAwATQBhAGMAaQBuAHQAbwBzAGgAIABIAEQAEgBRVXNlcnMvbWljaGFlbG1hbHRlc2UvRHJvcGJveC9UaGVzaXMgMjAxMy0yMDE0L3RleC9wYXBlcnMvSmVubmlmZXIgTWVyb2xsYTA1YWEucGRmAAATAAEvAAAVAAIAFf//AACABtIbHB0eWiRjbGFzc25hbWVYJGNsYXNzZXNdTlNNdXRhYmxlRGF0YaMdHyBWTlNEYXRhWE5TT2JqZWN00hscIiNcTlNEaWN0aW9uYXJ5oiIgXxAPTlNLZXllZEFyY2hpdmVy0SYnVHJvb3SAAQAIABEAGgAjAC0AMgA3AEAARgBNAFUAYABnAGoAbABuAHEAcwB1AHcAhACOALAAtQC9ArcCuQK+AskC0gLgAuQC6wL0AvkDBgMJAxsDHgMjAAAAAAAAAgEAAAAAAAAAKAAAAAAAAAAAAAAAAAAAAyU=},
	Bdsk-Url-1 = {http://dx.doi.org/10.1007/s11127-005-3209-x}}

@article{Campbell:2006aa,
	Author = {Campbell, James E. and Ali, Syed and Jalalzai, Farida},
	Date-Added = {2013-11-14 23:27:30 +0000},
	Date-Modified = {2014-02-12 20:08:02 +0000},
	Doi = {10.1300/J199v05n01_03},
	Journal = {Journal of Political Marketing},
	Number = {1--2},
	Pages = {33--57},
	Title = {Forecasting the Presidential Vote in the States, 1948--2004: An Update, Revision, and Extension of a State-level Presidential Forecasting Model},
	Volume = {5},
	Year = {2006},
	Bdsk-File-1 = {YnBsaXN0MDDUAQIDBAUGJCVYJHZlcnNpb25YJG9iamVjdHNZJGFyY2hpdmVyVCR0b3ASAAGGoKgHCBMUFRYaIVUkbnVsbNMJCgsMDxJXTlMua2V5c1pOUy5vYmplY3RzViRjbGFzc6INDoACgAOiEBGABIAFgAdccmVsYXRpdmVQYXRoWWFsaWFzRGF0YV8QIHBhcGVycy9KYW1lcyBFLiBDYW1wYmVsbDA2YWEucGRm0hcLGBlXTlMuZGF0YU8RAfoAAAAAAfoAAgAADE1hY2ludG9zaCBIRAAAAAAAAAAAAAAAAAAAAM8muWxIKwAAAAeumBlKYW1lcyBFLiBDYW1wYmVsbDA2YWEucGRmAAAAAAAAAAAAAAAAAAAAAAAAAAAAAAAAAAAAAAAAAAAAAAAAAAAACBtDzqqcWgAAAAAAAAAAAAEAAwAACSAAAAAAAAAAAAAAAAAAAAAGcGFwZXJzABAACAAAzycp7AAAABEACAAAzqsM2gAAAAEAGAAHrpgAB64QAAet+QAHrMEABh/OAAJkSwACAGVNYWNpbnRvc2ggSEQ6VXNlcnM6AG1pY2hhZWxtYWx0ZXNlOgBEcm9wYm94OgBUaGVzaXMgMjAxMy0yMDE0OgB0ZXg6AHBhcGVyczoASmFtZXMgRS4gQ2FtcGJlbGwwNmFhLnBkZgAADgA0ABkASgBhAG0AZQBzACAARQAuACAAQwBhAG0AcABiAGUAbABsADAANgBhAGEALgBwAGQAZgAPABoADABNAGEAYwBpAG4AdABvAHMAaAAgAEgARAASAFJVc2Vycy9taWNoYWVsbWFsdGVzZS9Ecm9wYm94L1RoZXNpcyAyMDEzLTIwMTQvdGV4L3BhcGVycy9KYW1lcyBFLiBDYW1wYmVsbDA2YWEucGRmABMAAS8AABUAAgAV//8AAIAG0hscHR5aJGNsYXNzbmFtZVgkY2xhc3Nlc11OU011dGFibGVEYXRhox0fIFZOU0RhdGFYTlNPYmplY3TSGxwiI1xOU0RpY3Rpb25hcnmiIiBfEA9OU0tleWVkQXJjaGl2ZXLRJidUcm9vdIABAAgAEQAaACMALQAyADcAQABGAE0AVQBgAGcAagBsAG4AcQBzAHUAdwCEAI4AsQC2AL4CvAK+AsMCzgLXAuUC6QLwAvkC/gMLAw4DIAMjAygAAAAAAAACAQAAAAAAAAAoAAAAAAAAAAAAAAAAAAADKg==},
	Bdsk-Url-1 = {http://dx.doi.org/10.1300/J199v05n01_03}}

@article{Campbell:1992aa,
	Author = {James E. Campbell},
	Date-Added = {2013-11-14 23:24:09 +0000},
	Date-Modified = {2014-02-12 20:07:37 +0000},
	Journal = {American Journal of Political Science},
	Month = {May},
	Number = {2},
	Pages = {386--407},
	Title = {Forecasting the Presidential Vote in the States},
	Url = {http://www.jstor.org/stable/2111483},
	Volume = {36},
	Year = {1992},
	Bdsk-File-1 = {YnBsaXN0MDDUAQIDBAUGJCVYJHZlcnNpb25YJG9iamVjdHNZJGFyY2hpdmVyVCR0b3ASAAGGoKgHCBMUFRYaIVUkbnVsbNMJCgsMDxJXTlMua2V5c1pOUy5vYmplY3RzViRjbGFzc6INDoACgAOiEBGABIAFgAdccmVsYXRpdmVQYXRoWWFsaWFzRGF0YV8QF3BhcGVycy9DYW1wYmVsbDkyYWEucGRm0hcLGBlXTlMuZGF0YU8RAdYAAAAAAdYAAgAADE1hY2ludG9zaCBIRAAAAAAAAAAAAAAAAAAAAM8muWxIKwAAAAeumBBDYW1wYmVsbDkyYWEucGRmAAAAAAAAAAAAAAAAAAAAAAAAAAAAAAAAAAAAAAAAAAAAAAAAAAAAAAAAAAAAAAAACCI5zqqbkQAAAAAAAAAAAAEAAwAACSAAAAAAAAAAAAAAAAAAAAAGcGFwZXJzABAACAAAzycp7AAAABEACAAAzqsMEQAAAAEAGAAHrpgAB64QAAet+QAHrMEABh/OAAJkSwACAFxNYWNpbnRvc2ggSEQ6VXNlcnM6AG1pY2hhZWxtYWx0ZXNlOgBEcm9wYm94OgBUaGVzaXMgMjAxMy0yMDE0OgB0ZXg6AHBhcGVyczoAQ2FtcGJlbGw5MmFhLnBkZgAOACIAEABDAGEAbQBwAGIAZQBsAGwAOQAyAGEAYQAuAHAAZABmAA8AGgAMAE0AYQBjAGkAbgB0AG8AcwBoACAASABEABIASVVzZXJzL21pY2hhZWxtYWx0ZXNlL0Ryb3Bib3gvVGhlc2lzIDIwMTMtMjAxNC90ZXgvcGFwZXJzL0NhbXBiZWxsOTJhYS5wZGYAABMAAS8AABUAAgAV//8AAIAG0hscHR5aJGNsYXNzbmFtZVgkY2xhc3Nlc11OU011dGFibGVEYXRhox0fIFZOU0RhdGFYTlNPYmplY3TSGxwiI1xOU0RpY3Rpb25hcnmiIiBfEA9OU0tleWVkQXJjaGl2ZXLRJidUcm9vdIABAAgAEQAaACMALQAyADcAQABGAE0AVQBgAGcAagBsAG4AcQBzAHUAdwCEAI4AqACtALUCjwKRApYCoQKqArgCvALDAswC0QLeAuEC8wL2AvsAAAAAAAACAQAAAAAAAAAoAAAAAAAAAAAAAAAAAAAC/Q==}}

@article{Lock:2010aa,
	Author = {Kari Lock and Andrew Gelman},
	Date-Modified = {2014-02-12 20:11:54 +0000},
	Doi = {10.1093/pan/mpq002},
	Issue = {3},
	Journal = {Political Analysis},
	Pages = {337-348},
	Title = {Bayesian Combination of State Polls and Election Forecasts},
	Volume = {18},
	Year = {2010},
	Bdsk-File-1 = {YnBsaXN0MDDUAQIDBAUGJCVYJHZlcnNpb25YJG9iamVjdHNZJGFyY2hpdmVyVCR0b3ASAAGGoKgHCBMUFRYaIVUkbnVsbNMJCgsMDxJXTlMua2V5c1pOUy5vYmplY3RzViRjbGFzc6INDoACgAOiEBGABIAFgAdccmVsYXRpdmVQYXRoWWFsaWFzRGF0YV8QE3BhcGVycy9Mb2NrMTBhYS5wZGbSFwsYGVdOUy5kYXRhTxEBxgAAAAABxgACAAAMTWFjaW50b3NoIEhEAAAAAAAAAAAAAAAAAAAAzya5bEgrAAAAB66YDExvY2sxMGFhLnBkZgAAAAAAAAAAAAAAAAAAAAAAAAAAAAAAAAAAAAAAAAAAAAAAAAAAAAAAAAAAAAAAAAAAAAAIEkvOqphfAAAAAAAAAAAAAQADAAAJIAAAAAAAAAAAAAAAAAAAAAZwYXBlcnMAEAAIAADPJynsAAAAEQAIAADOqwjfAAAAAQAYAAeumAAHrhAAB635AAeswQAGH84AAmRLAAIAWE1hY2ludG9zaCBIRDpVc2VyczoAbWljaGFlbG1hbHRlc2U6AERyb3Bib3g6AFRoZXNpcyAyMDEzLTIwMTQ6AHRleDoAcGFwZXJzOgBMb2NrMTBhYS5wZGYADgAaAAwATABvAGMAawAxADAAYQBhAC4AcABkAGYADwAaAAwATQBhAGMAaQBuAHQAbwBzAGgAIABIAEQAEgBFVXNlcnMvbWljaGFlbG1hbHRlc2UvRHJvcGJveC9UaGVzaXMgMjAxMy0yMDE0L3RleC9wYXBlcnMvTG9jazEwYWEucGRmAAATAAEvAAAVAAIAFf//AACABtIbHB0eWiRjbGFzc25hbWVYJGNsYXNzZXNdTlNNdXRhYmxlRGF0YaMdHyBWTlNEYXRhWE5TT2JqZWN00hscIiNcTlNEaWN0aW9uYXJ5oiIgXxAPTlNLZXllZEFyY2hpdmVy0SYnVHJvb3SAAQAIABEAGgAjAC0AMgA3AEAARgBNAFUAYABnAGoAbABuAHEAcwB1AHcAhACOAKQAqQCxAnsCfQKCAo0ClgKkAqgCrwK4Ar0CygLNAt8C4gLnAAAAAAAAAgEAAAAAAAAAKAAAAAAAAAAAAAAAAAAAAuk=},
	Bdsk-Url-1 = {http://dx.doi.org/10.1093/pan/mpq002}}

@unpublished{Strauss:2007aa,
	Author = {Aaron Strauss},
	Date-Modified = {2014-02-12 20:13:29 +0000},
	Month = mar,
	Note = {Princeton University Political Methodology Seminar},
	Title = {{Florida} or {Ohio}? {F}orecasting Presidential State Outcomes Using Reverse Random Walks},
	Url = {http://www.mindlessphilosopher.net/princeton/strauss_reverse%20random%20walk.pdf},
	Year = {2007},
	Bdsk-File-1 = {YnBsaXN0MDDUAQIDBAUGJCVYJHZlcnNpb25YJG9iamVjdHNZJGFyY2hpdmVyVCR0b3ASAAGGoKgHCBMUFRYaIVUkbnVsbNMJCgsMDxJXTlMua2V5c1pOUy5vYmplY3RzViRjbGFzc6INDoACgAOiEBGABIAFgAdccmVsYXRpdmVQYXRoWWFsaWFzRGF0YV8QFnBhcGVycy9TdHJhdXNzMDdhYS5wZGbSFwsYGVdOUy5kYXRhTxEB0gAAAAAB0gACAAAMTWFjaW50b3NoIEhEAAAAAAAAAAAAAAAAAAAAzya5bEgrAAAAB66YD1N0cmF1c3MwN2FhLnBkZgAAAAAAAAAAAAAAAAAAAAAAAAAAAAAAAAAAAAAAAAAAAAAAAAAAAAAAAAAAAAAAAAAIAfPOqpqpAAAAAAAAAAAAAQADAAAJIAAAAAAAAAAAAAAAAAAAAAZwYXBlcnMAEAAIAADPJynsAAAAEQAIAADOqwspAAAAAQAYAAeumAAHrhAAB635AAeswQAGH84AAmRLAAIAW01hY2ludG9zaCBIRDpVc2VyczoAbWljaGFlbG1hbHRlc2U6AERyb3Bib3g6AFRoZXNpcyAyMDEzLTIwMTQ6AHRleDoAcGFwZXJzOgBTdHJhdXNzMDdhYS5wZGYAAA4AIAAPAFMAdAByAGEAdQBzAHMAMAA3AGEAYQAuAHAAZABmAA8AGgAMAE0AYQBjAGkAbgB0AG8AcwBoACAASABEABIASFVzZXJzL21pY2hhZWxtYWx0ZXNlL0Ryb3Bib3gvVGhlc2lzIDIwMTMtMjAxNC90ZXgvcGFwZXJzL1N0cmF1c3MwN2FhLnBkZgATAAEvAAAVAAIAFf//AACABtIbHB0eWiRjbGFzc25hbWVYJGNsYXNzZXNdTlNNdXRhYmxlRGF0YaMdHyBWTlNEYXRhWE5TT2JqZWN00hscIiNcTlNEaWN0aW9uYXJ5oiIgXxAPTlNLZXllZEFyY2hpdmVy0SYnVHJvb3SAAQAIABEAGgAjAC0AMgA3AEAARgBNAFUAYABnAGoAbABuAHEAcwB1AHcAhACOAKcArAC0AooCjAKRApwCpQKzArcCvgLHAswC2QLcAu4C8QL2AAAAAAAAAgEAAAAAAAAAKAAAAAAAAAAAAAAAAAAAAvg=},
	Bdsk-Url-1 = {http://www.mindlessphilosopher.net/princeton/strauss_reverse%20random%20walk.pdf}}

@article{Gelman:2006aa,
	Author = {Andrew Gelman},
	Date-Modified = {2014-02-12 20:08:30 +0000},
	Doi = {10.1198/004017005000000661},
	Issue = {3},
	Journal = {Technometrics},
	Pages = {432-435},
	Title = {Multilevel (Hierarchical) Modeling: What It Can and Cannot Do},
	Volume = {48},
	Year = {2006},
	Bdsk-File-1 = {YnBsaXN0MDDUAQIDBAUGJCVYJHZlcnNpb25YJG9iamVjdHNZJGFyY2hpdmVyVCR0b3ASAAGGoKgHCBMUFRYaIVUkbnVsbNMJCgsMDxJXTlMua2V5c1pOUy5vYmplY3RzViRjbGFzc6INDoACgAOiEBGABIAFgAdccmVsYXRpdmVQYXRoWWFsaWFzRGF0YV8QFXBhcGVycy9HZWxtYW4wNmFhLnBkZtIXCxgZV05TLmRhdGFPEQHOAAAAAAHOAAIAAAxNYWNpbnRvc2ggSEQAAAAAAAAAAAAAAAAAAADPJrlsSCsAAAAHrpgOR2VsbWFuMDZhYS5wZGYAAAAAAAAAAAAAAAAAAAAAAAAAAAAAAAAAAAAAAAAAAAAAAAAAAAAAAAAAAAAAAAAAAAgB8c6qmbgAAAAAAAAAAAABAAMAAAkgAAAAAAAAAAAAAAAAAAAABnBhcGVycwAQAAgAAM8nKewAAAARAAgAAM6rCjgAAAABABgAB66YAAeuEAAHrfkAB6zBAAYfzgACZEsAAgBaTWFjaW50b3NoIEhEOlVzZXJzOgBtaWNoYWVsbWFsdGVzZToARHJvcGJveDoAVGhlc2lzIDIwMTMtMjAxNDoAdGV4OgBwYXBlcnM6AEdlbG1hbjA2YWEucGRmAA4AHgAOAEcAZQBsAG0AYQBuADAANgBhAGEALgBwAGQAZgAPABoADABNAGEAYwBpAG4AdABvAHMAaAAgAEgARAASAEdVc2Vycy9taWNoYWVsbWFsdGVzZS9Ecm9wYm94L1RoZXNpcyAyMDEzLTIwMTQvdGV4L3BhcGVycy9HZWxtYW4wNmFhLnBkZgAAEwABLwAAFQACABX//wAAgAbSGxwdHlokY2xhc3NuYW1lWCRjbGFzc2VzXU5TTXV0YWJsZURhdGGjHR8gVk5TRGF0YVhOU09iamVjdNIbHCIjXE5TRGljdGlvbmFyeaIiIF8QD05TS2V5ZWRBcmNoaXZlctEmJ1Ryb290gAEACAARABoAIwAtADIANwBAAEYATQBVAGAAZwBqAGwAbgBxAHMAdQB3AIQAjgCmAKsAswKFAocCjAKXAqACrgKyArkCwgLHAtQC1wLpAuwC8QAAAAAAAAIBAAAAAAAAACgAAAAAAAAAAAAAAAAAAALz},
	Bdsk-Url-1 = {http://dx.doi.org/10.1198/004017005000000661}}

@article{Jackman:2005aa,
	Author = {Simon Jackman},
	Date-Modified = {2014-02-12 20:11:34 +0000},
	Doi = {10.1080/10361140500302472},
	Issue = {4},
	Journal = {Australian Journal of Political Science},
	Pages = {499-517},
	Title = {Pooling the Polls Over an Election Campaign},
	Volume = {40},
	Year = {2005},
	Bdsk-File-1 = {YnBsaXN0MDDUAQIDBAUGJCVYJHZlcnNpb25YJG9iamVjdHNZJGFyY2hpdmVyVCR0b3ASAAGGoKgHCBMUFRYaIVUkbnVsbNMJCgsMDxJXTlMua2V5c1pOUy5vYmplY3RzViRjbGFzc6INDoACgAOiEBGABIAFgAdccmVsYXRpdmVQYXRoWWFsaWFzRGF0YV8QFnBhcGVycy9KYWNrbWFuMDVhYS5wZGbSFwsYGVdOUy5kYXRhTxEB0gAAAAAB0gACAAAMTWFjaW50b3NoIEhEAAAAAAAAAAAAAAAAAAAAzya5bEgrAAAAB66YD0phY2ttYW4wNWFhLnBkZgAAAAAAAAAAAAAAAAAAAAAAAAAAAAAAAAAAAAAAAAAAAAAAAAAAAAAAAAAAAAAAAAAIEq3OqppBAAAAAAAAAAAAAQADAAAJIAAAAAAAAAAAAAAAAAAAAAZwYXBlcnMAEAAIAADPJynsAAAAEQAIAADOqwrBAAAAAQAYAAeumAAHrhAAB635AAeswQAGH84AAmRLAAIAW01hY2ludG9zaCBIRDpVc2VyczoAbWljaGFlbG1hbHRlc2U6AERyb3Bib3g6AFRoZXNpcyAyMDEzLTIwMTQ6AHRleDoAcGFwZXJzOgBKYWNrbWFuMDVhYS5wZGYAAA4AIAAPAEoAYQBjAGsAbQBhAG4AMAA1AGEAYQAuAHAAZABmAA8AGgAMAE0AYQBjAGkAbgB0AG8AcwBoACAASABEABIASFVzZXJzL21pY2hhZWxtYWx0ZXNlL0Ryb3Bib3gvVGhlc2lzIDIwMTMtMjAxNC90ZXgvcGFwZXJzL0phY2ttYW4wNWFhLnBkZgATAAEvAAAVAAIAFf//AACABtIbHB0eWiRjbGFzc25hbWVYJGNsYXNzZXNdTlNNdXRhYmxlRGF0YaMdHyBWTlNEYXRhWE5TT2JqZWN00hscIiNcTlNEaWN0aW9uYXJ5oiIgXxAPTlNLZXllZEFyY2hpdmVy0SYnVHJvb3SAAQAIABEAGgAjAC0AMgA3AEAARgBNAFUAYABnAGoAbABuAHEAcwB1AHcAhACOAKcArAC0AooCjAKRApwCpQKzArcCvgLHAswC2QLcAu4C8QL2AAAAAAAAAgEAAAAAAAAAKAAAAAAAAAAAAAAAAAAAAvg=},
	Bdsk-Url-1 = {http://dx.doi.org/10.1080/10361140500302472}}

@article{Hibbs:2008aa,
	Author = {Douglas Hibbs},
	Date-Modified = {2014-02-12 20:11:25 +0000},
	Doi = {10.1007/s11127-008-9333-7},
	Journal = {Public Choice},
	Pages = {1-10},
	Title = {Implications of the `bread and peace' model for the 2008 {US} presidential election},
	Volume = {137},
	Year = {2008},
	Bdsk-File-1 = {YnBsaXN0MDDUAQIDBAUGJCVYJHZlcnNpb25YJG9iamVjdHNZJGFyY2hpdmVyVCR0b3ASAAGGoKgHCBMUFRYaIVUkbnVsbNMJCgsMDxJXTlMua2V5c1pOUy5vYmplY3RzViRjbGFzc6INDoACgAOiEBGABIAFgAdccmVsYXRpdmVQYXRoWWFsaWFzRGF0YV8QFHBhcGVycy9IaWJiczA4YWEucGRm0hcLGBlXTlMuZGF0YU8RAcoAAAAAAcoAAgAADE1hY2ludG9zaCBIRAAAAAAAAAAAAAAAAAAAAM8muWxIKwAAAAeumA1IaWJiczA4YWEucGRmAAAAAAAAAAAAAAAAAAAAAAAAAAAAAAAAAAAAAAAAAAAAAAAAAAAAAAAAAAAAAAAAAAAACBJpzqqaEgAAAAAAAAAAAAEAAwAACSAAAAAAAAAAAAAAAAAAAAAGcGFwZXJzABAACAAAzycp7AAAABEACAAAzqsKkgAAAAEAGAAHrpgAB64QAAet+QAHrMEABh/OAAJkSwACAFlNYWNpbnRvc2ggSEQ6VXNlcnM6AG1pY2hhZWxtYWx0ZXNlOgBEcm9wYm94OgBUaGVzaXMgMjAxMy0yMDE0OgB0ZXg6AHBhcGVyczoASGliYnMwOGFhLnBkZgAADgAcAA0ASABpAGIAYgBzADAAOABhAGEALgBwAGQAZgAPABoADABNAGEAYwBpAG4AdABvAHMAaAAgAEgARAASAEZVc2Vycy9taWNoYWVsbWFsdGVzZS9Ecm9wYm94L1RoZXNpcyAyMDEzLTIwMTQvdGV4L3BhcGVycy9IaWJiczA4YWEucGRmABMAAS8AABUAAgAV//8AAIAG0hscHR5aJGNsYXNzbmFtZVgkY2xhc3Nlc11OU011dGFibGVEYXRhox0fIFZOU0RhdGFYTlNPYmplY3TSGxwiI1xOU0RpY3Rpb25hcnmiIiBfEA9OU0tleWVkQXJjaGl2ZXLRJidUcm9vdIABAAgAEQAaACMALQAyADcAQABGAE0AVQBgAGcAagBsAG4AcQBzAHUAdwCEAI4ApQCqALICgAKCAocCkgKbAqkCrQK0Ar0CwgLPAtIC5ALnAuwAAAAAAAACAQAAAAAAAAAoAAAAAAAAAAAAAAAAAAAC7g==},
	Bdsk-Url-1 = {http://dx.doi.org/10.1007/s11127-008-9333-7}}

@book{Christensen:2010aa,
	Author = {Ronald Christensen and Wesley Johnson and Adam Branscum and Timothy E. Hanson},
	Date-Modified = {2013-11-14 23:33:13 +0000},
	Isbn = {978-1-4398-0354-7},
	Publisher = {Chapman \& Hall/CRC},
	Title = {Bayesian Ideas and Data Analysis: An Introduction For Scientists and Statisticians},
	Year = {2010}}

@book{Gelman:2007aa,
	Author = {Andrew Gelman and Jennifer Hill},
	Chapter = {12},
	Date-Modified = {2014-02-12 20:45:00 +0000},
	Isbn = {978-0-5216-8689-1},
	Publisher = {Cambridge University Press},
	Title = {Data Analysis Using Regression and Multilevel/Hierarchical Models},
	Year = {2007},
	Bdsk-File-1 = {YnBsaXN0MDDUAQIDBAUGJCVYJHZlcnNpb25YJG9iamVjdHNZJGFyY2hpdmVyVCR0b3ASAAGGoKgHCBMUFRYaIVUkbnVsbNMJCgsMDxJXTlMua2V5c1pOUy5vYmplY3RzViRjbGFzc6INDoACgAOiEBGABIAFgAdccmVsYXRpdmVQYXRoWWFsaWFzRGF0YV8QFXBhcGVycy9HZWxtYW4wN2FhLnBkZtIXCxgZV05TLmRhdGFPEQHOAAAAAAHOAAIAAAxNYWNpbnRvc2ggSEQAAAAAAAAAAAAAAAAAAADPJrlsSCsAAAAHrpgOR2VsbWFuMDdhYS5wZGYAAAAAAAAAAAAAAAAAAAAAAAAAAAAAAAAAAAAAAAAAAAAAAAAAAAAAAAAAAAAAAAAAAAi5Wc8hHrAAAAAAAAAAAAABAAMAAAkgAAAAAAAAAAAAAAAAAAAABnBhcGVycwAQAAgAAM8nKewAAAARAAgAAM8hjzAAAAABABgAB66YAAeuEAAHrfkAB6zBAAYfzgACZEsAAgBaTWFjaW50b3NoIEhEOlVzZXJzOgBtaWNoYWVsbWFsdGVzZToARHJvcGJveDoAVGhlc2lzIDIwMTMtMjAxNDoAdGV4OgBwYXBlcnM6AEdlbG1hbjA3YWEucGRmAA4AHgAOAEcAZQBsAG0AYQBuADAANwBhAGEALgBwAGQAZgAPABoADABNAGEAYwBpAG4AdABvAHMAaAAgAEgARAASAEdVc2Vycy9taWNoYWVsbWFsdGVzZS9Ecm9wYm94L1RoZXNpcyAyMDEzLTIwMTQvdGV4L3BhcGVycy9HZWxtYW4wN2FhLnBkZgAAEwABLwAAFQACABX//wAAgAbSGxwdHlokY2xhc3NuYW1lWCRjbGFzc2VzXU5TTXV0YWJsZURhdGGjHR8gVk5TRGF0YVhOU09iamVjdNIbHCIjXE5TRGljdGlvbmFyeaIiIF8QD05TS2V5ZWRBcmNoaXZlctEmJ1Ryb290gAEACAARABoAIwAtADIANwBAAEYATQBVAGAAZwBqAGwAbgBxAHMAdQB3AIQAjgCmAKsAswKFAocCjAKXAqACrgKyArkCwgLHAtQC1wLpAuwC8QAAAAAAAAIBAAAAAAAAACgAAAAAAAAAAAAAAAAAAALz}}

@book{Silver:2012aa,
	Author = {Nate Silver},
	Date-Modified = {2013-11-14 23:33:00 +0000},
	Isbn = {978-1-5942-0411-1},
	Publisher = {Penguin Group},
	Title = {The Signal and the Noise: Why So Many Predictions Fail---but Some Don't},
	Year = {2012}}

@article{Lax:2009aa,
	Author = {Jeffrey Lax and Justin Phillips},
	Date-Modified = {2014-02-12 20:11:43 +0000},
	Doi = {10.1017/S0003055409990050},
	Issue = {3},
	Journal = {American Political Science Review},
	Pages = {367-386},
	Title = {Gay Rights in the States: Public Opinion and Policy Responsiveness},
	Volume = {103},
	Year = {2009},
	Bdsk-File-1 = {YnBsaXN0MDDUAQIDBAUGJCVYJHZlcnNpb25YJG9iamVjdHNZJGFyY2hpdmVyVCR0b3ASAAGGoKgHCBMUFRYaIVUkbnVsbNMJCgsMDxJXTlMua2V5c1pOUy5vYmplY3RzViRjbGFzc6INDoACgAOiEBGABIAFgAdccmVsYXRpdmVQYXRoWWFsaWFzRGF0YV8QEnBhcGVycy9MYXgwOWFhLnBkZtIXCxgZV05TLmRhdGFPEQHCAAAAAAHCAAIAAAxNYWNpbnRvc2ggSEQAAAAAAAAAAAAAAAAAAADPJrlsSCsAAAAHrpgLTGF4MDlhYS5wZGYAAAAAAAAAAAAAAAAAAAAAAAAAAAAAAAAAAAAAAAAAAAAAAAAAAAAAAAAAAAAAAAAAAAAAAAgSQM6vnCkAAAAAAAAAAAABAAMAAAkgAAAAAAAAAAAAAAAAAAAABnBhcGVycwAQAAgAAM8nKewAAAARAAgAAM6wDKkAAAABABgAB66YAAeuEAAHrfkAB6zBAAYfzgACZEsAAgBXTWFjaW50b3NoIEhEOlVzZXJzOgBtaWNoYWVsbWFsdGVzZToARHJvcGJveDoAVGhlc2lzIDIwMTMtMjAxNDoAdGV4OgBwYXBlcnM6AExheDA5YWEucGRmAAAOABgACwBMAGEAeAAwADkAYQBhAC4AcABkAGYADwAaAAwATQBhAGMAaQBuAHQAbwBzAGgAIABIAEQAEgBEVXNlcnMvbWljaGFlbG1hbHRlc2UvRHJvcGJveC9UaGVzaXMgMjAxMy0yMDE0L3RleC9wYXBlcnMvTGF4MDlhYS5wZGYAEwABLwAAFQACABX//wAAgAbSGxwdHlokY2xhc3NuYW1lWCRjbGFzc2VzXU5TTXV0YWJsZURhdGGjHR8gVk5TRGF0YVhOU09iamVjdNIbHCIjXE5TRGljdGlvbmFyeaIiIF8QD05TS2V5ZWRBcmNoaXZlctEmJ1Ryb290gAEACAARABoAIwAtADIANwBAAEYATQBVAGAAZwBqAGwAbgBxAHMAdQB3AIQAjgCjAKgAsAJ2AngCfQKIApECnwKjAqoCswK4AsUCyALaAt0C4gAAAAAAAAIBAAAAAAAAACgAAAAAAAAAAAAAAAAAAALk},
	Bdsk-Url-1 = {http://dx.doi.org/10.1017/S0003055409990050}}

@article{Ghitza:2013aa,
	Author = {Yair Ghitza and Andrew Gelman},
	Date-Modified = {2014-02-12 20:09:19 +0000},
	Doi = {10.1111/ajps.12004},
	Issue = {3},
	Journal = {American Journal of Poltical Science},
	Pages = {762-776},
	Title = {Deep Interactions with {MRP}: Election Turnout and Voting Patterns Among Small Electoral Subgroups},
	Volume = {57},
	Year = {2013},
	Bdsk-File-1 = {YnBsaXN0MDDUAQIDBAUGJCVYJHZlcnNpb25YJG9iamVjdHNZJGFyY2hpdmVyVCR0b3ASAAGGoKgHCBMUFRYaIVUkbnVsbNMJCgsMDxJXTlMua2V5c1pOUy5vYmplY3RzViRjbGFzc6INDoACgAOiEBGABIAFgAdccmVsYXRpdmVQYXRoWWFsaWFzRGF0YV8QFXBhcGVycy9HaGl0emExM2FhLnBkZtIXCxgZV05TLmRhdGFPEQHOAAAAAAHOAAIAAAxNYWNpbnRvc2ggSEQAAAAAAAAAAAAAAAAAAADPJrlsSCsAAAAHrpgOR2hpdHphMTNhYS5wZGYAAAAAAAAAAAAAAAAAAAAAAAAAAAAAAAAAAAAAAAAAAAAAAAAAAAAAAAAAAAAAAAAAAAgTGc6qmf0AAAAAAAAAAAABAAMAAAkgAAAAAAAAAAAAAAAAAAAABnBhcGVycwAQAAgAAM8nKewAAAARAAgAAM6rCn0AAAABABgAB66YAAeuEAAHrfkAB6zBAAYfzgACZEsAAgBaTWFjaW50b3NoIEhEOlVzZXJzOgBtaWNoYWVsbWFsdGVzZToARHJvcGJveDoAVGhlc2lzIDIwMTMtMjAxNDoAdGV4OgBwYXBlcnM6AEdoaXR6YTEzYWEucGRmAA4AHgAOAEcAaABpAHQAegBhADEAMwBhAGEALgBwAGQAZgAPABoADABNAGEAYwBpAG4AdABvAHMAaAAgAEgARAASAEdVc2Vycy9taWNoYWVsbWFsdGVzZS9Ecm9wYm94L1RoZXNpcyAyMDEzLTIwMTQvdGV4L3BhcGVycy9HaGl0emExM2FhLnBkZgAAEwABLwAAFQACABX//wAAgAbSGxwdHlokY2xhc3NuYW1lWCRjbGFzc2VzXU5TTXV0YWJsZURhdGGjHR8gVk5TRGF0YVhOU09iamVjdNIbHCIjXE5TRGljdGlvbmFyeaIiIF8QD05TS2V5ZWRBcmNoaXZlctEmJ1Ryb290gAEACAARABoAIwAtADIANwBAAEYATQBVAGAAZwBqAGwAbgBxAHMAdQB3AIQAjgCmAKsAswKFAocCjAKXAqACrgKyArkCwgLHAtQC1wLpAuwC8QAAAAAAAAIBAAAAAAAAACgAAAAAAAAAAAAAAAAAAALz},
	Bdsk-Url-1 = {http://dx.doi.org/10.1111/ajps.12004}}
